2760 5130
235 697 284 745 ΒΕ
307 697 471 746 Tluuuuo
495 656 730 748 'institionis
757 702 801 748 ET
825 702 991 752 tuniolo,

90 839 232 905 Flebilis
245 839 412 922 indiguos,
426 839 571 923 Elegeia,
585 842 677 908 solve
691 843 851 928 capillos:

134 940 189 1006 An
203 940 302 1005 nimis
316 960 360 1005 ex
375 961 454 1006 vere
467 961 555 1007 nunc
569 943 629 1006 tibi
644 962 765 1007 nomen
779 945 860 1008 erit!

91 1041 154 1106 Ille
167 1044 216 1107 tui
227 1050 324 1108 vates
337 1044 459 1126 operis,
474 1050 534 1107 tua
547 1043 647 1120 lama,
663 1043 820 1108 Tibullus

134 1142 243 1208 Ardet
253 1145 287 1206 in
302 1150 484 1221 exstructo,
499 1162 618 1228 corpus
632 1144 745 1222 inane,
760 1165 853 1227 rogo.
982 1221 984 1226 ,

92 1245 193 1322 Ecce,
210 1264 295 1327 puer
308 1244 450 1308 Veneris
463 1245 524 1308 lert
538 1264 754 1329 eversamque
769 1247 970 1329 pharetram,

135 1345 180 1413 Et
190 1347 318 1412 fractos
332 1365 440 1423 arcae,
456 1351 490 1410 et
503 1347 575 1410 sine
589 1346 663 1410 luce
676 1346 797 1412 facem.

92 1447 230 1531 Aspice,
244 1448 402 1511 demissis
415 1452 451 1512 ut
463 1452 518 1512 eat
531 1449 732 1513 miserabilis
747 1449 833 1531 alis3

137 1549 345 1633 Pectoraque
358 1549 480 1615 infesta
493 1549 610 1614 tundat
624 1559 741 1634 aperta
755 1570 868 1617 manu.

94 1650 280 1734 Excipiunt
292 1651 399 1735 sparsi
413 1652 581 1734 lacrymas
595 1671 654 1735 per
668 1653 757 1716 colla
770 1653 896 1738 capilli,

139 1750 272 1835 Oraque
285 1753 426 1834 singultu
441 1755 651 1817 concutiente
665 1760 793 1819 sonant

95 1851 218 1917 Fratris
228 1854 262 1915 in
276 1852 394 1919 AEneae
409 1855 458 1918 sic
473 1855 568 1918 illum
580 1855 699 1920 sunere
714 1856 829 1921 dicunt

138 1952 319 2036 Egressum
336 1957 445 2032 tectis,
459 1954 595 2039 pulcher
609 1953 695 2034 Iule,
709 1956 788 2020 tuis.

94 2053 171 2119 Nec
186 2056 296 2120 minus
308 2063 361 2122 est
372 2041 517 2122 confusa
526 2055 657 2135 Venus,
672 2059 830 2124 moriente
845 2056 990 2136 tibullo,

138 2152 248 2232 Quam
259 2156 377 2240 juveni
390 2158 477 2240 rupit
491 2176 569 2222 cum
581 2157 670 2222 serus
683 2158 804 2241 inguen
818 2177 910 2242 aper.

95 2255 145 2319 At
159 2258 246 2322 sacri
259 2264 365 2336 vates,
383 2266 419 2323 et
433 2259 557 2324 Divum
572 2277 653 2323 cura
666 2246 848 2324 vocamurt

138 2359 222 2422 Sunt
236 2359 346 2436 etiam,
362 2361 420 2441 qui
433 2378 494 2423 nos
508 2378 626 2423 numen
639 2359 760 2424 babere
773 2366 903 2443 putent.

95 2457 233 2524 Scilicet
246 2479 341 2523 omne
355 2479 485 2524 sacrum
501 2479 591 2524 mors
605 2461 797 2543 importuna
809 2462 981 2545 profanat:

139 2557 303 2625 Omnibus
319 2561 480 2624 obscuras
493 2561 601 2646 injicit
615 2560 674 2625 illa
688 2579 819 2625 manus.

97 2657 189 2737 Quid
204 2669 301 2745 pater
314 2661 470 2737 Ismario,
486 2659 567 2743 quid
582 2668 699 2738 mater,
715 2660 841 2743 proluit
855 2661 1017 2745 Orpbeol

140 2761 293 2826 Carmine
308 2763 389 2845 quid
407 2761 515 2825 victas
531 2762 746 2844 obstupuisse
759 2761 869 2827 ferast

98 2860 233 2926 AElinon
247 2862 282 2925 in
296 2861 401 2944 sylvis
415 2861 505 2924 idem
518 2866 620 2942 pater,
634 2861 783 2938 AElinon,
799 2863 878 2927 altis

140 2962 275 3026 Dicitur
287 2961 392 3026 invita
405 2960 615 3024 concinuisse
629 2960 712 3042 lyra.

99 3061 220 3145 Adjice
234 3061 436 3139 Maeoniden,
450 3081 471 3125 a
485 3080 565 3145 quo,
582 3081 644 3126 eeu
655 3061 746 3125 sonte
759 3064 910 3147 perenni,

142 3163 268 3229 Vatum
282 3162 403 3227 Pieriis
418 3181 479 3237 ora
490 3163 635 3244 rigantur
648 3163 755 3246 aquis.

38 3312 39 3316 ,
101 3262 200 3327 Hunc
214 3282 349 3346 quoque
363 3280 494 3326 summa
507 3261 581 3326 dies
595 3263 688 3345 nigro
703 3266 880 3330 submersit
894 3264 1050 3330 Averno:

142 3365 329 3447 Diffugiunt
342 3364 463 3429 avidos
478 3365 624 3428 carmina
634 3365 709 3429 sola
722 3386 829 3448 rogos.

101 3466 208 3533 Durat
220 3485 307 3549 opus
320 3473 447 3543 vatum,
460 3466 600 3552 Trojani
614 3465 705 3537 fama
719 3467 857 3545 laboris,

140 3567 318 3651 Tardaque
331 3573 493 3632 nocturno
507 3568 575 3632 tela
590 3574 721 3632 retexta
734 3568 822 3632 dolo.

100 3669 156 3734 Sic
172 3669 332 3734 Nemesis
347 3671 493 3751 longum,
507 3670 557 3733 sic
572 3668 684 3747 Delta,
700 3688 822 3734 nomen
837 3667 1022 3748 habebunt;

140 3769 265 3847 Altera,
280 3789 360 3834 cura
374 3789 502 3848 recens,
516 3769 632 3848 altera,
646 3771 773 3853 primus
787 3789 889 3834 amor.

101 3869 192 3949 Quid
204 3890 291 3935 nunc
307 3889 403 3936 sacra
413 3871 551 3956 juvanti
573 3869 654 3955 quid
667 3890 756 3936 nunc
770 3870 932 3954 AEgyptia
946 3878 1087 3954 prosunt

141 3971 273 4036 Sistrat
296 3971 375 4056 quid
391 3973 426 4036 in
442 3992 549 4037 vacuo
564 3971 756 4037 secubuisse
771 3973 870 4036 torol

101 4072 185 4137 Cum
200 4073 334 4155 rapiant
348 4073 437 4137 mala
449 4071 523 4141 fata
535 4074 659 4150 bonos,
674 4071 837 4155 ignoscite
851 4070 954 4148 laem,

143 4173 302 4238 Solicitor
314 4173 424 4238 nullos
438 4194 513 4240 esse
529 4183 647 4259 putare
662 4173 766 4238 Deos.

67 4285 70 4291 ’
99 4271 187 4337 Vive
200 4274 294 4357 pius3
314 4273 455 4338 moriere
469 4277 566 4358 pius:
590 4274 663 4339 cole
680 4292 795 4354 sacra;
820 4272 979 4338 colentem

144 4372 238 4438 Mors
253 4381 364 4440 tamen
378 4394 400 4438 a
415 4376 546 4458 templis
558 4376 594 4440 in
608 4393 694 4439 cava
707 4376 809 4438 busta
824 4372 939 4438 uahet.
949 4369 957 4394 ”
1025 4375 1028 4379 ’

166 4473 428 4536 nupseram.
613 4475 692 4525 rtur.
1110 4475 1131 4527 c
