<?xml version="1.0" encoding="UTF-8"?>
<!DOCTYPE html PUBLIC "-//W3C//DTD XHTML 1.0 Transitional//EN"
    "http://www.w3.org/TR/xhtml1/DTD/xhtml1-transitional.dtd">
<html xmlns="http://www.w3.org/1999/xhtml" xml:lang="en" lang="en">
 <head>
  <title>
</title>
<meta http-equiv="Content-Type" content="text/html;charset=utf-8" />
  <meta name='ocr-system' content='tesseract 3.04.00' />
  <meta name='ocr-capabilities' content='ocr_page ocr_carea ocr_par ocr_line ocrx_word'/>
</head>
<body>
  <div class='ocr_page' id='page_1' title='image "./operaomniaexedi00tibugoog/operaomniaexedi00tibugoog_0388.png"; bbox 0 0 2760 5130; ppageno 0'>
   <div class='ocr_carea' id='block_1_1' title="bbox 374 690 1238 765">
    <p class='ocr_par' dir='ltr' id='par_1_1' title="bbox 374 690 1238 765">
     <span class='ocr_line' id='line_1_1' title="bbox 374 690 1238 765; baseline 0.005 -7"><span class='ocrx_word' id='word_1_1' title='bbox 374 710 485 765; x_wconf 61' lang='lat' dir='ltr'>,annu</span> <span class='ocrx_word' id='word_1_2' title='bbox 511 710 664 760; x_wconf 74' lang='lat' dir='ltr'>annuunt</span> <span class='ocrx_word' id='word_1_3' title='bbox 692 711 763 759; x_wconf 82' lang='lat' dir='ltr'>nra.</span> <span class='ocrx_word' id='word_1_4' title='bbox 789 712 812 760; x_wconf 94' lang='grc' dir='ltr'>ι.</span> <span class='ocrx_word' id='word_1_5' title='bbox 839 712 944 760; x_wconf 79' lang='lat' dir='ltr'>anuo.</span> <span class='ocrx_word' id='word_1_6' title='bbox 965 696 998 760; x_wconf 80' lang='lat'>3.</span> <span class='ocrx_word' id='word_1_7' title='bbox 1106 690 1109 694; x_wconf 75' lang='grc'><strong>’</strong></span> <span class='ocrx_word' id='word_1_8' title='bbox 1173 697 1238 762; x_wconf 78' lang='grc'>377</span> 
     </span>
    </p>
   </div>
   <div class='ocr_carea' id='block_1_2' title="bbox 114 850 1240 4638">
    <p class='ocr_par' dir='ltr' id='par_1_2' title="bbox 114 850 1240 4638">
     <span class='ocr_line' id='line_1_2' title="bbox 142 850 1238 918; baseline 0 -15"><span class='ocrx_word' id='word_1_9' title='bbox 142 850 201 903; x_wconf 78' lang='lat' dir='ltr'>Etsi</span> <span class='ocrx_word' id='word_1_10' title='bbox 216 851 334 902; x_wconf 82' lang='lat' dir='ltr'><strong>Deorum</strong></span> <span class='ocrx_word' id='word_1_11' title='bbox 346 853 453 903; x_wconf 82' lang='lat' dir='ltr'>oracula</span> <span class='ocrx_word' id='word_1_12' title='bbox 464 868 509 916; x_wconf 90' lang='lat' dir='ltr'>per</span> <span class='ocrx_word' id='word_1_13' title='bbox 518 861 601 903; x_wconf 91' lang='lat' dir='ltr'>sortes</span> <span class='ocrx_word' id='word_1_14' title='bbox 611 853 674 903; x_wconf 87' lang='lat' dir='ltr'>data</span> <span class='ocrx_word' id='word_1_15' title='bbox 710 855 821 918; x_wconf 80' lang='lat' dir='ltr'>Cynthia</span> <span class='ocrx_word' id='word_1_16' title='bbox 832 853 888 917; x_wconf 88' lang='lat' dir='ltr'>jam</span> <span class='ocrx_word' id='word_1_17' title='bbox 908 861 1053 903; x_wconf 80' lang='lat' dir='ltr'>auctorest</span> <span class='ocrx_word' id='word_1_18' title='bbox 1074 861 1184 917; x_wconf 83' lang='lat' dir='ltr'>operata</span> <span class='ocrx_word' id='word_1_19' title='bbox 1194 854 1238 903; x_wconf 87' lang='lat' dir='ltr'>de·</span> 
     </span>
     <span class='ocr_line' id='line_1_3' title="bbox 141 927 1238 992; baseline 0 -14"><span class='ocrx_word' id='word_1_20' title='bbox 141 927 229 979; x_wconf 70' lang='lat' dir='ltr'>Delie</span> <span class='ocrx_word' id='word_1_21' title='bbox 250 935 342 992; x_wconf 85' lang='lat' dir='ltr'>optata</span> <span class='ocrx_word' id='word_1_22' title='bbox 360 930 446 980; x_wconf 88' lang='lat' dir='ltr'>omnia</span> <span class='ocrx_word' id='word_1_23' title='bbox 465 929 498 979; x_wconf 88' lang='lat' dir='ltr'>de</span> <span class='ocrx_word' id='word_1_24' title='bbox 520 930 606 980; x_wconf 88' lang='lat' dir='ltr'>reditu</span> <span class='ocrx_word' id='word_1_25' title='bbox 626 944 672 980; x_wconf 88' lang='lat' dir='ltr'>suo</span> <span class='ocrx_word' id='word_1_26' title='bbox 709 930 783 980; x_wconf 70' lang='lat' dir='ltr'>cem!</span> <span class='ocrx_word' id='word_1_27' title='bbox 815 928 897 978; x_wconf 89' lang='lat' dir='ltr'>Item:</span> <span class='ocrx_word' id='word_1_28' title='bbox 915 929 1040 978; x_wconf 80' lang='lat' dir='ltr'>‘votivas</span> <span class='ocrx_word' id='word_1_29' title='bbox 1051 937 1143 979; x_wconf 90' lang='lat' dir='ltr'>noctes</span> <span class='ocrx_word' id='word_1_30' title='bbox 1153 935 1181 979; x_wconf 91' lang='lat' dir='ltr'>et</span> <span class='ocrx_word' id='word_1_31' title='bbox 1192 930 1238 978; x_wconf 90' lang='lat' dir='ltr'>mi·</span> 
     </span>
     <span class='ocr_line' id='line_1_4' title="bbox 140 1003 1238 1068; baseline 0.002 -17"><span class='ocrx_word' id='word_1_32' title='bbox 140 1003 327 1068; x_wconf 87' lang='lat' dir='ltr'>promitterent</span> <span class='ocrx_word' id='word_1_33' title='bbox 346 1003 406 1068; x_wconf 89' lang='lat' dir='ltr'>(boc</span> <span class='ocrx_word' id='word_1_34' title='bbox 426 1005 493 1054; x_wconf 89' lang='lat' dir='ltr'>enim</span> <span class='ocrx_word' id='word_1_35' title='bbox 513 1007 599 1055; x_wconf 81' lang='lat' dir='ltr'>debunt</span> <span class='ocrx_word' id='word_1_36' title='bbox 619 1005 673 1068; x_wconf 85' lang='lat' dir='ltr'>est)</span> <span class='ocrx_word' id='word_1_37' title='bbox 710 1006 735 1054; x_wconf 91' lang='lat' dir='ltr'>bi</span> <span class='ocrx_word' id='word_1_38' title='bbox 756 1005 836 1054; x_wconf 81' lang='lat' dir='ltr'>redde</span> <span class='ocrx_word' id='word_1_39' title='bbox 858 1004 968 1054; x_wconf 66' lang='lat' dir='ltr'>decern!</span> <span class='ocrx_word' id='word_1_40' title='bbox 1009 1004 1040 1054; x_wconf 94' lang='lat' dir='ltr'>1u</span> <span class='ocrx_word' id='word_1_41' title='bbox 1062 1012 1151 1055; x_wconf 86' lang='lat' dir='ltr'>nostro</span> <span class='ocrx_word' id='word_1_42' title='bbox 1173 1005 1238 1054; x_wconf 90' lang='lat' dir='ltr'>libro</span> 
     </span>
     <span class='ocr_line' id='line_1_5' title="bbox 140 1078 1238 1145; baseline 0.003 -18"><span class='ocrx_word' id='word_1_43' title='bbox 140 1078 212 1127; x_wconf 91' lang='lat' dir='ltr'>iilarn</span> <span class='ocrx_word' id='word_1_44' title='bbox 225 1086 312 1127; x_wconf 87' lang='lat' dir='ltr'>tamen</span> <span class='ocrx_word' id='word_1_45' title='bbox 324 1079 449 1128; x_wconf 90' lang='lat' dir='ltr'>ominibus</span> <span class='ocrx_word' id='word_1_46' title='bbox 460 1081 537 1129; x_wconf 87' lang='lat' dir='ltr'>nullis</span> <span class='ocrx_word' id='word_1_47' title='bbox 556 1082 672 1145; x_wconf 86' lang='lat' dir='ltr'>quamvis</span> <span class='ocrx_word' id='word_1_48' title='bbox 709 1089 806 1141; x_wconf 85' lang='lat' dir='ltr'>autem,</span> <span class='ocrx_word' id='word_1_49' title='bbox 822 1082 946 1144; x_wconf 80' lang='lat' dir='ltr'>persoluat,</span> <span class='ocrx_word' id='word_1_50' title='bbox 958 1096 1007 1130; x_wconf 91' lang='lat' dir='ltr'>non</span> <span class='ocrx_word' id='word_1_51' title='bbox 1022 1083 1162 1144; x_wconf 75' lang='lat' dir='ltr'>persoluere.</span> <span class='ocrx_word' id='word_1_52' title='bbox 1197 1083 1238 1130; x_wconf 88' lang='lat' dir='ltr'>lta</span> 
     </span>
     <span class='ocr_line' id='line_1_6' title="bbox 139 1155 1239 1222; baseline 0.003 -17"><span class='ocrx_word' id='word_1_53' title='bbox 139 1155 291 1205; x_wconf 68' lang='lat' dir='ltr'>certissimis</span> <span class='ocrx_word' id='word_1_54' title='bbox 300 1155 427 1207; x_wconf 78' lang='lat' dir='ltr'>deterreri</span> <span class='ocrx_word' id='word_1_55' title='bbox 435 1172 545 1222; x_wconf 83' lang='lat' dir='ltr'>uuquam</span> <span class='ocrx_word' id='word_1_56' title='bbox 556 1159 672 1222; x_wconf 88' lang='lat' dir='ltr'>potuisse</span> <span class='ocrx_word' id='word_1_57' title='bbox 709 1158 759 1206; x_wconf 88' lang='lat' dir='ltr'>erit</span> <span class='ocrx_word' id='word_1_58' title='bbox 770 1156 903 1206; x_wconf 71' lang='grc' dir='ltr'>ἀσύνδετον·</span> <span class='ocrx_word' id='word_1_59' title='bbox 917 1165 1033 1220; x_wconf 82' lang='lat' dir='ltr'>utraque.</span> <span class='ocrx_word' id='word_1_60' title='bbox 1041 1158 1119 1207; x_wconf 88' lang='lat' dir='ltr'>lectio</span> <span class='ocrx_word' id='word_1_61' title='bbox 1131 1157 1239 1209; x_wconf 86' lang='lat' dir='ltr'>delendi</span> 
     </span>
     <span class='ocr_line' id='line_1_7' title="bbox 138 1230 1240 1297; baseline 0 -18"><span class='ocrx_word' id='word_1_62' title='bbox 138 1230 201 1281; x_wconf 66' lang='grc' dir='ltr'>Μ.</span> <span class='ocrx_word' id='word_1_63' title='bbox 213 1237 312 1280; x_wconf 85' lang='lat' dir='ltr'>terrore</span> <span class='ocrx_word' id='word_1_64' title='bbox 324 1238 352 1280; x_wconf 87' lang='lat' dir='ltr'>et</span> <span class='ocrx_word' id='word_1_65' title='bbox 368 1239 450 1295; x_wconf 88' lang='lat' dir='ltr'>metu,</span> <span class='ocrx_word' id='word_1_66' title='bbox 466 1247 517 1297; x_wconf 89' lang='lat' dir='ltr'>quo</span> <span class='ocrx_word' id='word_1_67' title='bbox 533 1233 566 1282; x_wconf 92' lang='lat' dir='ltr'>de</span> <span class='ocrx_word' id='word_1_68' title='bbox 581 1233 671 1282; x_wconf 77' lang='lat' dir='ltr'>Poiitae</span> <span class='ocrx_word' id='word_1_69' title='bbox 710 1239 804 1295; x_wconf 86' lang='lat' dir='ltr'>potest.</span> <span class='ocrx_word' id='word_1_70' title='bbox 837 1231 906 1281; x_wconf 90' lang='lat' dir='ltr'>Illud</span> <span class='ocrx_word' id='word_1_71' title='bbox 919 1239 1019 1281; x_wconf 89' lang='lat' dir='ltr'>tantum</span> <span class='ocrx_word' id='word_1_72' title='bbox 1031 1237 1142 1294; x_wconf 86' lang='lat' dir='ltr'>constet,</span> <span class='ocrx_word' id='word_1_73' title='bbox 1152 1236 1240 1294; x_wconf 72' lang='lat' dir='ltr'>noctes,</span> 
     </span>
     <span class='ocr_line' id='line_1_8' title="bbox 139 1305 1072 1371; baseline 0 -15"><span class='ocrx_word' id='word_1_74' title='bbox 139 1305 263 1357; x_wconf 84' lang='lat' dir='ltr'>amatoris</span> <span class='ocrx_word' id='word_1_75' title='bbox 274 1305 313 1355; x_wconf 89' lang='lat' dir='ltr'>sui</span> <span class='ocrx_word' id='word_1_76' title='bbox 329 1307 415 1356; x_wconf 86' lang='lat' dir='ltr'>redito</span> <span class='ocrx_word' id='word_1_77' title='bbox 428 1309 504 1358; x_wconf 77' lang='lat' dir='ltr'>anxie</span> <span class='ocrx_word' id='word_1_78' title='bbox 515 1309 591 1371; x_wconf 86' lang='lat' dir='ltr'>nimia</span> <span class='ocrx_word' id='word_1_79' title='bbox 603 1310 672 1367; x_wconf 85' lang='lat' dir='ltr'>solli·</span> <span class='ocrx_word' id='word_1_80' title='bbox 709 1323 758 1357; x_wconf 92' lang='lat' dir='ltr'>uon</span> <span class='ocrx_word' id='word_1_81' title='bbox 769 1322 834 1356; x_wconf 82' lang='lat' dir='ltr'>uoces</span> <span class='ocrx_word' id='word_1_82' title='bbox 844 1306 991 1369; x_wconf 81' lang='lat' dir='ltr'>legendum.</span> <span class='ocrx_word' id='word_1_83' title='bbox 1009 1307 1072 1356; x_wconf 84' lang='lat' dir='ltr'>Seni.</span> 
     </span>
     <span class='ocr_line' id='line_1_9' title="bbox 139 1381 1237 1448; baseline 0.004 -18"><span class='ocrx_word' id='word_1_84' title='bbox 139 1381 194 1430; x_wconf 84' lang='lat' dir='ltr'>cita</span> <span class='ocrx_word' id='word_1_85' title='bbox 204 1389 268 1441; x_wconf 84' lang='lat' dir='ltr'>erat,</span> <span class='ocrx_word' id='word_1_86' title='bbox 286 1381 384 1430; x_wconf 82' lang='lat' dir='ltr'>exsolvi</span> <span class='ocrx_word' id='word_1_87' title='bbox 398 1397 483 1445; x_wconf 87' lang='lat' dir='ltr'>porro,</span> <span class='ocrx_word' id='word_1_88' title='bbox 493 1384 607 1448; x_wconf 80' lang='lat' dir='ltr'>adeoque</span> <span class='ocrx_word' id='word_1_89' title='bbox 618 1385 671 1432; x_wconf 90' lang='lat' dir='ltr'>ani·</span> <span class='ocrx_word' id='word_1_90' title='bbox 742 1388 774 1431; x_wconf 82' lang='lat'>³0</span> <span class='ocrx_word' id='word_1_91' title='bbox 790 1384 854 1433; x_wconf 78' lang='lat' dir='ltr'>Arte</span> <span class='ocrx_word' id='word_1_92' title='bbox 870 1398 950 1432; x_wconf 83' lang='lat' dir='ltr'>sacras</span> <span class='ocrx_word' id='word_1_93' title='bbox 964 1383 1012 1432; x_wconf 81' lang='lat' dir='ltr'>liro</span> <span class='ocrx_word' id='word_1_94' title='bbox 1030 1382 1105 1444; x_wconf 82' lang='lat' dir='ltr'>tecta]</span> <span class='ocrx_word' id='word_1_95' title='bbox 1123 1384 1237 1446; x_wconf 75' lang='lat' dir='ltr'>Linigeri</span> 
     </span>
     <span class='ocr_line' id='line_1_10' title="bbox 138 1459 1238 1524; baseline 0.002 -17"><span class='ocrx_word' id='word_1_96' title='bbox 138 1459 177 1507; x_wconf 88' lang='lat' dir='ltr'>rui</span> <span class='ocrx_word' id='word_1_97' title='bbox 203 1472 321 1508; x_wconf 89' lang='lat' dir='ltr'>securam</span> <span class='ocrx_word' id='word_1_98' title='bbox 344 1459 426 1517; x_wconf 80' lang='lat' dir='ltr'>reddi,</span> <span class='ocrx_word' id='word_1_99' title='bbox 446 1461 507 1524; x_wconf 88' lang='lat' dir='ltr'>quin</span> <span class='ocrx_word' id='word_1_100' title='bbox 533 1463 671 1511; x_wconf 88' lang='lat' dir='ltr'>abeuntem</span> <span class='ocrx_word' id='word_1_101' title='bbox 709 1459 790 1520; x_wconf 89' lang='lat' dir='ltr'>Calvi,</span> <span class='ocrx_word' id='word_1_102' title='bbox 817 1461 860 1523; x_wconf 88' lang='lat' dir='ltr'>qui</span> <span class='ocrx_word' id='word_1_103' title='bbox 882 1460 966 1509; x_wconf 83' lang='lat' dir='ltr'>laiaca</span> <span class='ocrx_word' id='word_1_104' title='bbox 988 1473 1064 1508; x_wconf 85' lang='lat' dir='ltr'>sacra</span> <span class='ocrx_word' id='word_1_105' title='bbox 1090 1460 1238 1523; x_wconf 83' lang='lat' dir='ltr'>gestabant,</span> 
     </span>
     <span class='ocr_line' id='line_1_11' title="bbox 138 1534 1237 1600; baseline 0.002 -18"><span class='ocrx_word' id='word_1_106' title='bbox 138 1534 261 1596; x_wconf 81' lang='lat' dir='ltr'>lacrymis</span> <span class='ocrx_word' id='word_1_107' title='bbox 272 1540 411 1597; x_wconf 88' lang='lat' dir='ltr'>prosecuta</span> <span class='ocrx_word' id='word_1_108' title='bbox 419 1543 587 1600; x_wconf 88' lang='lat' dir='ltr'>respectaret.</span> <span class='ocrx_word' id='word_1_109' title='bbox 606 1539 671 1595; x_wconf 77' lang='lat' dir='ltr'>Doa-</span> <span class='ocrx_word' id='word_1_110' title='bbox 709 1535 777 1598; x_wconf 88' lang='lat' dir='ltr'>apud</span> <span class='ocrx_word' id='word_1_111' title='bbox 798 1534 955 1584; x_wconf 80' lang='lat' dir='ltr'>Martialem.</span> <span class='ocrx_word' id='word_1_112' title='bbox 989 1535 1021 1583; x_wconf 90' lang='lat' dir='ltr'>ln</span> <span class='ocrx_word' id='word_1_113' title='bbox 1033 1535 1100 1584; x_wconf 92' lang='lat' dir='ltr'>libro</span> <span class='ocrx_word' id='word_1_114' title='bbox 1117 1536 1237 1585; x_wconf 89' lang='lat' dir='ltr'>Catalec·</span> 
     </span>
     <span class='ocr_line' id='line_1_12' title="bbox 138 1610 1237 1673; baseline -0.001 -14"><span class='ocrx_word' id='word_1_115' title='bbox 138 1624 167 1659; x_wconf 85' lang='lat' dir='ltr'>so</span> <span class='ocrx_word' id='word_1_116' title='bbox 178 1610 210 1658; x_wconf 90' lang='grc' dir='ltr'>Ρ.</span> <span class='ocrx_word' id='word_1_117' title='bbox 513 1618 516 1625; x_wconf 85' lang='grc'><em>“</em></span> <span class='ocrx_word' id='word_1_118' title='bbox 709 1619 802 1672; x_wconf 80' lang='lat' dir='ltr'>torum,</span> <span class='ocrx_word' id='word_1_119' title='bbox 812 1627 869 1673; x_wconf 83' lang='lat' dir='ltr'>qrrae</span> <span class='ocrx_word' id='word_1_120' title='bbox 881 1626 927 1659; x_wconf 86' lang='lat' dir='ltr'>nos</span> <span class='ocrx_word' id='word_1_121' title='bbox 939 1610 1133 1673; x_wconf 88' lang='lat' dir='ltr'>publicavimus,</span> <span class='ocrx_word' id='word_1_122' title='bbox 1144 1625 1237 1659; x_wconf 88' lang='lat' dir='ltr'>secun-</span> 
     </span>
     <span class='ocr_line' id='line_1_13' title="bbox 175 1686 1238 1749; baseline 0.001 -15"><span class='ocrx_word' id='word_1_123' title='bbox 175 1689 206 1734; x_wconf 78' lang='lat' dir='ltr'>tt</span> <span class='ocrx_word' id='word_1_124' title='bbox 228 1686 279 1735; x_wconf 75' lang='lat' dir='ltr'>Ast</span> <span class='ocrx_word' id='word_1_125' title='bbox 289 1700 333 1747; x_wconf 76' lang='lat' dir='ltr'>ego</span> <span class='ocrx_word' id='word_1_126' title='bbox 343 1701 394 1735; x_wconf 81' lang='lat' dir='ltr'>sura</span> <span class='ocrx_word' id='word_1_127' title='bbox 405 1693 535 1748; x_wconf 76' lang='lat' dir='ltr'>cosmatus,</span> <span class='ocrx_word' id='word_1_128' title='bbox 548 1704 602 1737; x_wconf 81' lang='lat' dir='ltr'>aues</span> <span class='ocrx_word' id='word_1_129' title='bbox 613 1691 671 1739; x_wconf 81' lang='lat' dir='ltr'>dant</span> <span class='ocrx_word' id='word_1_130' title='bbox 708 1686 757 1734; x_wconf 90' lang='lat' dir='ltr'>do:</span> <span class='ocrx_word' id='word_1_131' title='bbox 775 1688 783 1713; x_wconf 82' lang='lat'><em>⁴</em></span> <span class='ocrx_word' id='word_1_132' title='bbox 795 1687 925 1735; x_wconf 77' lang='lat' dir='ltr'>Cerbereo</span> <span class='ocrx_word' id='word_1_133' title='bbox 938 1687 1070 1749; x_wconf 87' lang='lat' dir='ltr'>posthunc</span> <span class='ocrx_word' id='word_1_134' title='bbox 1082 1693 1154 1735; x_wconf 86' lang='lat' dir='ltr'>artus</span> <span class='ocrx_word' id='word_1_135' title='bbox 1165 1686 1238 1735; x_wconf 91' lang='lat' dir='ltr'>indn-</span> 
     </span>
     <span class='ocr_line' id='line_1_14' title="bbox 140 1760 1237 1827; baseline 0.004 -19"><span class='ocrx_word' id='word_1_136' title='bbox 140 1760 221 1809; x_wconf 85' lang='lat' dir='ltr'>osrrr&#39;sac</span> <span class='ocrx_word' id='word_1_137' title='bbox 230 1760 297 1822; x_wconf 67' lang='lat' dir='ltr'>dno]</span> <span class='ocrx_word' id='word_1_138' title='bbox 309 1761 422 1810; x_wconf 86' lang='lat' dir='ltr'>Melius:</span> <span class='ocrx_word' id='word_1_139' title='bbox 440 1762 490 1811; x_wconf 79' lang='lat' dir='ltr'>Aut</span> <span class='ocrx_word' id='word_1_140' title='bbox 501 1779 542 1823; x_wconf 77' lang='lat' dir='ltr'>ego</span> <span class='ocrx_word' id='word_1_141' title='bbox 550 1778 671 1813; x_wconf 83' lang='lat' dir='ltr'>somensa-</span> <span class='ocrx_word' id='word_1_142' title='bbox 709 1771 749 1811; x_wconf 88' lang='lat' dir='ltr'>tus</span> <span class='ocrx_word' id='word_1_143' title='bbox 762 1762 858 1810; x_wconf 87' lang='lat' dir='ltr'>amictu</span> <span class='ocrx_word' id='word_1_144' title='bbox 870 1762 1034 1824; x_wconf 87' lang='lat' dir='ltr'>Memphidos</span> <span class='ocrx_word' id='word_1_145' title='bbox 1043 1762 1155 1827; x_wconf 73' lang='lat' dir='ltr'>antiquar</span> <span class='ocrx_word' id='word_1_146' title='bbox 1165 1776 1237 1812; x_wconf 84' lang='lat' dir='ltr'>sacra</span> 
     </span>
     <span class='ocr_line' id='line_1_15' title="bbox 138 1836 1155 1905; baseline 0 -19"><span class='ocrx_word' id='word_1_147' title='bbox 138 1841 207 1886; x_wconf 78' lang='lat' dir='ltr'>solas</span> <span class='ocrx_word' id='word_1_148' title='bbox 216 1852 280 1899; x_wconf 81' lang='lat' dir='ltr'>oues,</span> <span class='ocrx_word' id='word_1_149' title='bbox 292 1843 335 1886; x_wconf 83' lang='lat' dir='ltr'>aut</span> <span class='ocrx_word' id='word_1_150' title='bbox 346 1840 423 1886; x_wconf 79' lang='lat' dir='ltr'>omisa</span> <span class='ocrx_word' id='word_1_151' title='bbox 432 1839 484 1887; x_wconf 84' lang='lat' dir='ltr'>diro</span> <span class='ocrx_word' id='word_1_152' title='bbox 494 1839 594 1889; x_wconf 78' lang='lat' dir='ltr'>Saturni</span> <span class='ocrx_word' id='word_1_153' title='bbox 604 1857 672 1890; x_wconf 71' lang='lat' dir='ltr'>samu</span> <span class='ocrx_word' id='word_1_154' title='bbox 707 1838 843 1899; x_wconf 81' lang='lat' dir='ltr'>Deumque</span> <span class='ocrx_word' id='word_1_155' title='bbox 856 1836 935 1887; x_wconf 65' lang='lat' dir='ltr'>colit!</span> <span class='ocrx_word' id='word_1_156' title='bbox 953 1839 1027 1887; x_wconf 85' lang='lat' dir='ltr'>Idem.</span> <span class='ocrx_word' id='word_1_157' title='bbox 1149 1892 1155 1905; x_wconf 36' lang='lat'><strong><em>⁴</em></strong></span> 
     </span>
     <span class='ocr_line' id='line_1_16' title="bbox 138 1913 1237 1978; baseline 0.002 -17"><span class='ocrx_word' id='word_1_158' title='bbox 138 1927 178 1962; x_wconf 75' lang='lat' dir='ltr'>aas</span> <span class='ocrx_word' id='word_1_159' title='bbox 187 1915 288 1963; x_wconf 62' lang='lat' dir='ltr'>termus</span> <span class='ocrx_word' id='word_1_160' title='bbox 299 1915 347 1963; x_wconf 84' lang='lat' dir='ltr'>die.</span> <span class='ocrx_word' id='word_1_161' title='bbox 380 1914 448 1962; x_wconf 84' lang='lat' dir='ltr'>Nanr</span> <span class='ocrx_word' id='word_1_162' title='bbox 464 1915 566 1977; x_wconf 89' lang='lat' dir='ltr'>qnidam</span> <span class='ocrx_word' id='word_1_163' title='bbox 578 1916 670 1978; x_wconf 71' lang='lat' dir='ltr'>scripti</span> <span class='ocrx_word' id='word_1_164' title='bbox 740 1917 768 1960; x_wconf 84' lang='lat'>³1</span> <span class='ocrx_word' id='word_1_165' title='bbox 788 1913 877 1975; x_wconf 76' lang='lat' dir='ltr'>Bisque</span> <span class='ocrx_word' id='word_1_166' title='bbox 888 1913 926 1961; x_wconf 84' lang='lat' dir='ltr'>die</span> <span class='ocrx_word' id='word_1_167' title='bbox 937 1914 1037 1961; x_wconf 83' lang='lat' dir='ltr'>resolata</span> <span class='ocrx_word' id='word_1_168' title='bbox 1048 1913 1137 1976; x_wconf 82' lang='lat' dir='ltr'>comus]</span> <span class='ocrx_word' id='word_1_169' title='bbox 1159 1914 1237 1976; x_wconf 85' lang='lat' dir='ltr'>Haec,</span> 
     </span>
     <span class='ocr_line' id='line_1_17' title="bbox 138 1988 1239 2054; baseline 0.001 -18"><span class='ocrx_word' id='word_1_170' title='bbox 138 2001 192 2037; x_wconf 86' lang='lat' dir='ltr'>nou</span> <span class='ocrx_word' id='word_1_171' title='bbox 202 1988 386 2039; x_wconf 74' lang='lat' dir='ltr'>babentrbost</span> <span class='ocrx_word' id='word_1_172' title='bbox 398 1991 424 2039; x_wconf 93' lang='lat' dir='ltr'>in</span> <span class='ocrx_word' id='word_1_173' title='bbox 436 1991 578 2054; x_wconf 88' lang='lat' dir='ltr'>posteriore</span> <span class='ocrx_word' id='word_1_174' title='bbox 589 2006 670 2040; x_wconf 83' lang='lat' dir='ltr'>versu.</span> <span class='ocrx_word' id='word_1_175' title='bbox 708 1995 779 2052; x_wconf 90' lang='lat' dir='ltr'>puto,</span> <span class='ocrx_word' id='word_1_176' title='bbox 802 2003 852 2036; x_wconf 92' lang='lat' dir='ltr'>non</span> <span class='ocrx_word' id='word_1_177' title='bbox 872 1988 1042 2037; x_wconf 81' lang='lat' dir='ltr'>adverterunt</span> <span class='ocrx_word' id='word_1_178' title='bbox 1061 1989 1239 2051; x_wconf 83' lang='lat' dir='ltr'>Grammatici,</span> 
     </span>
     <span class='ocr_line' id='line_1_18' title="bbox 136 2062 1237 2126; baseline 0.003 -15"><span class='ocrx_word' id='word_1_179' title='bbox 136 2062 204 2117; x_wconf 67' lang='lat' dir='ltr'>sicul.</span> <span class='ocrx_word' id='word_1_180' title='bbox 708 2078 787 2126; x_wconf 86' lang='lat' dir='ltr'>quare</span> <span class='ocrx_word' id='word_1_181' title='bbox 797 2063 898 2113; x_wconf 87' lang='lat' dir='ltr'>scilicet</span> <span class='ocrx_word' id='word_1_182' title='bbox 907 2062 947 2116; x_wconf 86' lang='lat' dir='ltr'>bis</span> <span class='ocrx_word' id='word_1_183' title='bbox 958 2064 984 2111; x_wconf 92' lang='lat' dir='ltr'>in</span> <span class='ocrx_word' id='word_1_184' title='bbox 997 2064 1039 2112; x_wconf 88' lang='lat' dir='ltr'>die</span> <span class='ocrx_word' id='word_1_185' title='bbox 1052 2063 1139 2112; x_wconf 83' lang='lat' dir='ltr'>dicere</span> <span class='ocrx_word' id='word_1_186' title='bbox 1149 2064 1237 2114; x_wconf 88' lang='lat' dir='ltr'>landes</span> 
     </span>
     <span class='ocr_line' id='line_1_19' title="bbox 173 2140 1238 2207; baseline 0.004 -18"><span class='ocrx_word' id='word_1_187' title='bbox 173 2140 225 2189; x_wconf 78' lang='lat' dir='ltr'>ast</span> <span class='ocrx_word' id='word_1_188' title='bbox 235 2153 279 2201; x_wconf 65' lang='lat' dir='ltr'>ep</span> <span class='ocrx_word' id='word_1_189' title='bbox 289 2155 340 2190; x_wconf 79' lang='lat' dir='ltr'>susa</span> <span class='ocrx_word' id='word_1_190' title='bbox 350 2146 470 2190; x_wconf 69' lang='lat' dir='ltr'>mulas</span> <span class='ocrx_word' id='word_1_191' title='bbox 487 2144 552 2207; x_wconf 81' lang='lat' dir='ltr'>anea]</span> <span class='ocrx_word' id='word_1_192' title='bbox 573 2143 669 2206; x_wconf 91' lang='lat' dir='ltr'>Objec·</span> <span class='ocrx_word' id='word_1_193' title='bbox 707 2140 770 2189; x_wconf 87' lang='lat' dir='ltr'>Isidi</span> <span class='ocrx_word' id='word_1_194' title='bbox 788 2141 890 2191; x_wconf 88' lang='lat' dir='ltr'>debeat.</span> <span class='ocrx_word' id='word_1_195' title='bbox 922 2140 1060 2191; x_wconf 84' lang='lat' dir='ltr'>Sciendum</span> <span class='ocrx_word' id='word_1_196' title='bbox 1077 2143 1160 2205; x_wconf 87' lang='lat' dir='ltr'>prima</span> <span class='ocrx_word' id='word_1_197' title='bbox 1174 2143 1238 2193; x_wconf 85' lang='lat' dir='ltr'>bora</span> 
     </span>
     <span class='ocr_line' id='line_1_20' title="bbox 140 2214 1237 2281; baseline 0.005 -18"><span class='ocrx_word' id='word_1_198' title='bbox 140 2222 195 2264; x_wconf 81' lang='lat' dir='ltr'>tam</span> <span class='ocrx_word' id='word_1_199' title='bbox 211 2214 260 2264; x_wconf 90' lang='lat' dir='ltr'>sibi</span> <span class='ocrx_word' id='word_1_200' title='bbox 278 2217 430 2279; x_wconf 76' lang='lat' dir='ltr'>religionem</span> <span class='ocrx_word' id='word_1_201' title='bbox 442 2227 585 2280; x_wconf 86' lang='lat' dir='ltr'>caussatur,</span> <span class='ocrx_word' id='word_1_202' title='bbox 602 2218 669 2267; x_wconf 87' lang='lat' dir='ltr'>band</span> <span class='ocrx_word' id='word_1_203' title='bbox 706 2216 855 2267; x_wconf 75' lang='lat' dir='ltr'>sacerdotes</span> <span class='ocrx_word' id='word_1_204' title='bbox 882 2216 959 2266; x_wconf 85' lang='lat' dir='ltr'>laidis</span> <span class='ocrx_word' id='word_1_205' title='bbox 987 2218 1109 2281; x_wconf 87' lang='lat' dir='ltr'>templum</span> <span class='ocrx_word' id='word_1_206' title='bbox 1134 2220 1237 2281; x_wconf 88' lang='lat' dir='ltr'>aperire</span> 
     </span>
     <span class='ocr_line' id='line_1_21' title="bbox 139 2290 1237 2356; baseline 0.002 -16"><span class='ocrx_word' id='word_1_207' title='bbox 139 2290 323 2342; x_wconf 83' lang='lat' dir='ltr'>addicentibus</span> <span class='ocrx_word' id='word_1_208' title='bbox 347 2293 447 2355; x_wconf 86' lang='lat' dir='ltr'>aribus,</span> <span class='ocrx_word' id='word_1_209' title='bbox 468 2308 556 2343; x_wconf 80' lang='lat' dir='ltr'>aerum</span> <span class='ocrx_word' id='word_1_210' title='bbox 579 2302 670 2344; x_wconf 90' lang='lat' dir='ltr'>contra</span> <span class='ocrx_word' id='word_1_211' title='bbox 706 2292 803 2353; x_wconf 84' lang='lat' dir='ltr'>solitos,</span> <span class='ocrx_word' id='word_1_212' title='bbox 839 2291 915 2355; x_wconf 88' lang='lat' dir='ltr'>idque</span> <span class='ocrx_word' id='word_1_213' title='bbox 942 2291 1052 2355; x_wconf 80' lang='lat' dir='ltr'>Apertio</span> <span class='ocrx_word' id='word_1_214' title='bbox 1080 2293 1237 2356; x_wconf 75' lang='lat' dir='ltr'>uocabatnr3</span> 
     </span>
     <span class='ocr_line' id='line_1_22' title="bbox 139 2364 1236 2435; baseline 0.002 -18"><span class='ocrx_word' id='word_1_215' title='bbox 139 2364 568 2431; x_wconf 77' lang='lat' dir='ltr'>profectiouiobscaevantibussnae</span> <span class='ocrx_word' id='word_1_216' title='bbox 578 2387 585 2419; x_wconf 93' lang='lat'><strong>:</strong></span> <span class='ocrx_word' id='word_1_217' title='bbox 597 2371 670 2435; x_wconf 86' lang='lat' dir='ltr'>quip·</span> <span class='ocrx_word' id='word_1_218' title='bbox 706 2367 801 2417; x_wconf 86' lang='lat' dir='ltr'>deinde</span> <span class='ocrx_word' id='word_1_219' title='bbox 812 2366 959 2417; x_wconf 87' lang='lat' dir='ltr'>salutabant</span> <span class='ocrx_word' id='word_1_220' title='bbox 974 2368 1065 2430; x_wconf 87' lang='lat' dir='ltr'>Deam,</span> <span class='ocrx_word' id='word_1_221' title='bbox 1078 2369 1146 2432; x_wconf 88' lang='lat' dir='ltr'>qnod</span> <span class='ocrx_word' id='word_1_222' title='bbox 1163 2370 1236 2420; x_wconf 86' lang='lat' dir='ltr'>Salu-</span> 
     </span>
     <span class='ocr_line' id='line_1_23' title="bbox 139 2437 1236 2508; baseline 0 -16"><span class='ocrx_word' id='word_1_223' title='bbox 139 2437 175 2506; x_wconf 81' lang='lat' dir='ltr'>ps</span> <span class='ocrx_word' id='word_1_224' title='bbox 187 2442 299 2504; x_wconf 82' lang='lat' dir='ltr'>inebria,</span> <span class='ocrx_word' id='word_1_225' title='bbox 310 2458 361 2492; x_wconf 93' lang='lat' dir='ltr'>non</span> <span class='ocrx_word' id='word_1_226' title='bbox 374 2443 549 2508; x_wconf 71' lang='lat' dir='ltr'>Praepetibus,</span> <span class='ocrx_word' id='word_1_227' title='bbox 561 2453 607 2494; x_wconf 92' lang='lat' dir='ltr'>aut</span> <span class='ocrx_word' id='word_1_228' title='bbox 617 2444 670 2493; x_wconf 78' lang='lat' dir='ltr'>Ad·</span> <span class='ocrx_word' id='word_1_229' title='bbox 708 2443 832 2492; x_wconf 87' lang='lat' dir='ltr'>tationem</span> <span class='ocrx_word' id='word_1_230' title='bbox 851 2450 879 2491; x_wconf 89' lang='lat' dir='ltr'>et</span> <span class='ocrx_word' id='word_1_231' title='bbox 890 2442 1082 2492; x_wconf 86' lang='lat' dir='ltr'>Excitationem</span> <span class='ocrx_word' id='word_1_232' title='bbox 1095 2444 1236 2505; x_wconf 81' lang='lat' dir='ltr'>vocabant3</span> 
     </span>
     <span class='ocr_line' id='line_1_24' title="bbox 139 2517 1237 2584; baseline 0.001 -15"><span class='ocrx_word' id='word_1_233' title='bbox 139 2519 249 2569; x_wconf 74' lang='lat' dir='ltr'>missivis</span> <span class='ocrx_word' id='word_1_234' title='bbox 260 2519 366 2570; x_wconf 87' lang='lat' dir='ltr'>alitibus</span> <span class='ocrx_word' id='word_1_235' title='bbox 378 2535 454 2581; x_wconf 88' lang='lat' dir='ltr'>usns;</span> <span class='ocrx_word' id='word_1_236' title='bbox 471 2534 519 2569; x_wconf 92' lang='lat' dir='ltr'>nee</span> <span class='ocrx_word' id='word_1_237' title='bbox 538 2535 595 2584; x_wconf 85' lang='lat' dir='ltr'>qnae</span> <span class='ocrx_word' id='word_1_238' title='bbox 613 2535 671 2582; x_wconf 77' lang='lat' dir='ltr'>gar·</span> <span class='ocrx_word' id='word_1_239' title='bbox 707 2524 777 2581; x_wconf 86' lang='lat' dir='ltr'>post,</span> <span class='ocrx_word' id='word_1_240' title='bbox 794 2525 876 2569; x_wconf 87' lang='lat' dir='ltr'>totum</span> <span class='ocrx_word' id='word_1_241' title='bbox 893 2517 960 2567; x_wconf 85' lang='lat' dir='ltr'>diem</span> <span class='ocrx_word' id='word_1_242' title='bbox 977 2518 1072 2581; x_wconf 82' lang='lat' dir='ltr'>stipem</span> <span class='ocrx_word' id='word_1_243' title='bbox 1090 2520 1237 2571; x_wconf 86' lang='lat' dir='ltr'>emendica-</span> 
     </span>
     <span class='ocr_line' id='line_1_25' title="bbox 139 2593 1238 2658; baseline 0.002 -16"><span class='ocrx_word' id='word_1_244' title='bbox 139 2593 204 2655; x_wconf 84' lang='lat' dir='ltr'>ritn,</span> <span class='ocrx_word' id='word_1_245' title='bbox 223 2601 269 2644; x_wconf 89' lang='lat' dir='ltr'>aut</span> <span class='ocrx_word' id='word_1_246' title='bbox 283 2596 371 2645; x_wconf 82' lang='lat' dir='ltr'>volatu</span> <span class='ocrx_word' id='word_1_247' title='bbox 390 2596 482 2644; x_wconf 88' lang='lat' dir='ltr'>saltem</span> <span class='ocrx_word' id='word_1_248' title='bbox 501 2611 557 2658; x_wconf 90' lang='lat' dir='ltr'>sno,</span> <span class='ocrx_word' id='word_1_249' title='bbox 579 2595 669 2645; x_wconf 68' lang='lat' dir='ltr'>Poetae</span> <span class='ocrx_word' id='word_1_250' title='bbox 708 2593 786 2642; x_wconf 83' lang='lat' dir='ltr'>bant:</span> <span class='ocrx_word' id='word_1_251' title='bbox 820 2593 881 2641; x_wconf 92' lang='lat' dir='ltr'>inde</span> <span class='ocrx_word' id='word_1_252' title='bbox 903 2593 936 2642; x_wconf 89' lang='lat' dir='ltr'>ad</span> <span class='ocrx_word' id='word_1_253' title='bbox 964 2601 1083 2644; x_wconf 78' lang='lat' dir='ltr'>octavam</span> <span class='ocrx_word' id='word_1_254' title='bbox 1108 2593 1238 2657; x_wconf 84' lang='lat' dir='ltr'>redibant,</span> 
     </span>
     <span class='ocr_line' id='line_1_26' title="bbox 138 2669 1237 2735; baseline -0.001 -16"><span class='ocrx_word' id='word_1_255' title='bbox 138 2670 275 2720; x_wconf 87' lang='lat' dir='ltr'>consilium</span> <span class='ocrx_word' id='word_1_256' title='bbox 290 2669 474 2735; x_wconf 73' lang='lat' dir='ltr'>adprobarem,</span> <span class='ocrx_word' id='word_1_257' title='bbox 491 2673 533 2720; x_wconf 84' lang='lat' dir='ltr'>rel</span> <span class='ocrx_word' id='word_1_258' title='bbox 553 2669 670 2721; x_wconf 85' lang='lat' dir='ltr'>facerent</span> <span class='ocrx_word' id='word_1_259' title='bbox 707 2670 791 2719; x_wconf 84' lang='lat' dir='ltr'>Deam</span> <span class='ocrx_word' id='word_1_260' title='bbox 807 2669 1006 2730; x_wconf 83' lang='lat' dir='ltr'>componebant,</span> <span class='ocrx_word' id='word_1_261' title='bbox 1025 2669 1151 2733; x_wconf 85' lang='lat' dir='ltr'>templum</span> <span class='ocrx_word' id='word_1_262' title='bbox 1169 2670 1237 2720; x_wconf 85' lang='lat' dir='ltr'>clau·</span> 
     </span>
     <span class='ocr_line' id='line_1_27' title="bbox 138 2744 1236 2807; baseline 0.003 -14"><span class='ocrx_word' id='word_1_263' title='bbox 138 2749 234 2794; x_wconf 85' lang='lat' dir='ltr'>ratum.</span> <span class='ocrx_word' id='word_1_264' title='bbox 249 2745 373 2796; x_wconf 76' lang='lat' dir='ltr'>DoaorP.</span> <span class='ocrx_word' id='word_1_265' title='bbox 707 2744 811 2796; x_wconf 90' lang='lat' dir='ltr'>debant.</span> <span class='ocrx_word' id='word_1_266' title='bbox 845 2745 905 2794; x_wconf 88' lang='lat' dir='ltr'>Hoc</span> <span class='ocrx_word' id='word_1_267' title='bbox 917 2745 1047 2807; x_wconf 75' lang='lat' dir='ltr'>igiturest</span> <span class='ocrx_word' id='word_1_268' title='bbox 1060 2745 1152 2795; x_wconf 87' lang='lat' dir='ltr'>biadie</span> <span class='ocrx_word' id='word_1_269' title='bbox 1169 2748 1236 2797; x_wconf 76' lang='lat' dir='ltr'>Dea</span> 
     </span>
     <span class='ocr_line' id='line_1_28' title="bbox 174 2819 1236 2885; baseline 0.002 -16"><span class='ocrx_word' id='word_1_270' title='bbox 174 2823 206 2870; x_wconf 80' lang='lat' dir='ltr'>ts</span> <span class='ocrx_word' id='word_1_271' title='bbox 222 2819 332 2883; x_wconf 72' lang='lat' dir='ltr'>Saloni,</span> <span class='ocrx_word' id='word_1_272' title='bbox 343 2821 395 2884; x_wconf 69' lang='lat' dir='ltr'>tra]</span> <span class='ocrx_word' id='word_1_273' title='bbox 421 2822 501 2872; x_wconf 83' lang='lat' dir='ltr'>Sacro</span> <span class='ocrx_word' id='word_1_274' title='bbox 511 2822 616 2871; x_wconf 80' lang='lat' dir='ltr'>Saturni</span> <span class='ocrx_word' id='word_1_275' title='bbox 627 2821 669 2870; x_wconf 90' lang='lat' dir='ltr'>die</span> <span class='ocrx_word' id='word_1_276' title='bbox 707 2820 795 2870; x_wconf 92' lang='lat' dir='ltr'>laudes</span> <span class='ocrx_word' id='word_1_277' title='bbox 807 2834 909 2881; x_wconf 86' lang='lat' dir='ltr'>canere,</span> <span class='ocrx_word' id='word_1_278' title='bbox 922 2827 950 2869; x_wconf 90' lang='lat' dir='ltr'>et</span> <span class='ocrx_word' id='word_1_279' title='bbox 966 2836 1038 2870; x_wconf 88' lang='lat' dir='ltr'>mane</span> <span class='ocrx_word' id='word_1_280' title='bbox 1053 2836 1130 2885; x_wconf 83' lang='lat' dir='ltr'>qrrunr</span> <span class='ocrx_word' id='word_1_281' title='bbox 1143 2823 1236 2871; x_wconf 88' lang='lat' dir='ltr'>saluta·</span> 
     </span>
     <span class='ocr_line' id='line_1_29' title="bbox 141 2894 1236 2962; baseline 0.005 -19"><span class='ocrx_word' id='word_1_282' title='bbox 141 2894 302 2959; x_wconf 82' lang='lat' dir='ltr'>prohibitum</span> <span class='ocrx_word' id='word_1_283' title='bbox 312 2911 378 2960; x_wconf 91' lang='lat' dir='ltr'>sese,</span> <span class='ocrx_word' id='word_1_284' title='bbox 397 2913 448 2962; x_wconf 85' lang='lat' dir='ltr'>qno</span> <span class='ocrx_word' id='word_1_285' title='bbox 469 2899 551 2948; x_wconf 88' lang='lat' dir='ltr'>minas</span> <span class='ocrx_word' id='word_1_286' title='bbox 569 2899 670 2947; x_wconf 88' lang='lat' dir='ltr'>institu·</span> <span class='ocrx_word' id='word_1_287' title='bbox 707 2899 829 2957; x_wconf 74' lang='lat' dir='ltr'>tornea,</span> <span class='ocrx_word' id='word_1_288' title='bbox 846 2905 873 2946; x_wconf 89' lang='lat' dir='ltr'>et</span> <span class='ocrx_word' id='word_1_289' title='bbox 890 2897 953 2947; x_wconf 86' lang='lat' dir='ltr'>hora</span> <span class='ocrx_word' id='word_1_290' title='bbox 963 2906 1066 2958; x_wconf 82' lang='lat' dir='ltr'>octava,</span> <span class='ocrx_word' id='word_1_291' title='bbox 1083 2905 1236 2962; x_wconf 87' lang='lat' dir='ltr'>qnnmtem·</span> 
     </span>
     <span class='ocr_line' id='line_1_30' title="bbox 140 2972 1236 3037; baseline 0.002 -18"><span class='ocrx_word' id='word_1_292' title='bbox 140 2978 195 3020; x_wconf 89' lang='lat' dir='ltr'>tum</span> <span class='ocrx_word' id='word_1_293' title='bbox 221 2985 298 3034; x_wconf 92' lang='lat' dir='ltr'>porro</span> <span class='ocrx_word' id='word_1_294' title='bbox 317 2974 367 3022; x_wconf 89' lang='lat' dir='ltr'>iter</span> <span class='ocrx_word' id='word_1_295' title='bbox 385 2974 491 3037; x_wconf 82' lang='lat' dir='ltr'>exsequi</span> <span class='ocrx_word' id='word_1_296' title='bbox 509 2980 669 3037; x_wconf 85' lang='lat' dir='ltr'>properaret.</span> <span class='ocrx_word' id='word_1_297' title='bbox 707 2973 776 3037; x_wconf 94' lang='lat' dir='ltr'>plum</span> <span class='ocrx_word' id='word_1_298' title='bbox 790 2972 929 3022; x_wconf 80' lang='lat' dir='ltr'>clauditur.</span> <span class='ocrx_word' id='word_1_299' title='bbox 963 2974 1006 3022; x_wconf 86' lang='lat' dir='ltr'>De</span> <span class='ocrx_word' id='word_1_300' title='bbox 1022 2973 1158 3036; x_wconf 82' lang='lat' dir='ltr'>apertione</span> <span class='ocrx_word' id='word_1_301' title='bbox 1171 2982 1236 3022; x_wconf 88' lang='lat' dir='ltr'>tem·</span> 
     </span>
     <span class='ocr_line' id='line_1_31' title="bbox 139 3045 1236 3112; baseline -0.001 -13"><span class='ocrx_word' id='word_1_302' title='bbox 139 3046 181 3099; x_wconf 75' lang='lat' dir='ltr'>Eo</span> <span class='ocrx_word' id='word_1_303' title='bbox 192 3045 260 3107; x_wconf 85' lang='lat' dir='ltr'>dico,</span> <span class='ocrx_word' id='word_1_304' title='bbox 278 3060 310 3095; x_wconf 87' lang='lat' dir='ltr'>ne</span> <span class='ocrx_word' id='word_1_305' title='bbox 322 3061 399 3111; x_wconf 89' lang='lat' dir='ltr'>quern</span> <span class='ocrx_word' id='word_1_306' title='bbox 410 3048 483 3098; x_wconf 79' lang='lat' dir='ltr'>verbi</span> <span class='ocrx_word' id='word_1_307' title='bbox 500 3050 602 3097; x_wconf 84' lang='lat' dir='ltr'>tenuisse</span> <span class='ocrx_word' id='word_1_308' title='bbox 619 3062 670 3096; x_wconf 88' lang='lat' dir='ltr'>am·</span> <span class='ocrx_word' id='word_1_309' title='bbox 706 3048 743 3112; x_wconf 90' lang='lat' dir='ltr'>pli</span> <span class='ocrx_word' id='word_1_310' title='bbox 762 3047 906 3110; x_wconf 83' lang='lat' dir='ltr'>Appuleius</span> <span class='ocrx_word' id='word_1_311' title='bbox 920 3046 1029 3096; x_wconf 74' lang='lat' dir='ltr'>Milesiae</span> <span class='ocrx_word' id='word_1_312' title='bbox 1048 3048 1151 3097; x_wconf 80' lang='lat' dir='ltr'>Fabulae</span> <span class='ocrx_word' id='word_1_313' title='bbox 1171 3047 1236 3098; x_wconf 89' lang='lat' dir='ltr'>libro</span> 
     </span>
     <span class='ocr_line' id='line_1_32' title="bbox 139 3121 1236 3185; baseline 0.001 -15"><span class='ocrx_word' id='word_1_314' title='bbox 139 3121 256 3183; x_wconf 77' lang='lat' dir='ltr'>lriguitas</span> <span class='ocrx_word' id='word_1_315' title='bbox 277 3121 376 3185; x_wconf 88' lang='lat' dir='ltr'>turbet,</span> <span class='ocrx_word' id='word_1_316' title='bbox 402 3123 471 3172; x_wconf 91' lang='lat' dir='ltr'>band</span> <span class='ocrx_word' id='word_1_317' title='bbox 501 3138 602 3184; x_wconf 91' lang='lat' dir='ltr'>nomen,</span> <span class='ocrx_word' id='word_1_318' title='bbox 623 3122 668 3172; x_wconf 87' lang='lat' dir='ltr'>sed</span> <span class='ocrx_word' id='word_1_319' title='bbox 707 3122 858 3171; x_wconf 86' lang='lat' dir='ltr'>undecimo:</span> <span class='ocrx_word' id='word_1_320' title='bbox 875 3121 982 3171; x_wconf 87' lang='lat' dir='ltr'>‘Rebus</span> <span class='ocrx_word' id='word_1_321' title='bbox 989 3122 1044 3185; x_wconf 87' lang='lat' dir='ltr'>jam</span> <span class='ocrx_word' id='word_1_322' title='bbox 1057 3122 1107 3171; x_wconf 89' lang='lat' dir='ltr'>rite</span> <span class='ocrx_word' id='word_1_323' title='bbox 1119 3137 1236 3172; x_wconf 87' lang='lat' dir='ltr'>consum·</span> 
     </span>
     <span class='ocr_line' id='line_1_33' title="bbox 139 3197 1237 3265; baseline 0.001 -19"><span class='ocrx_word' id='word_1_324' title='bbox 139 3211 291 3265; x_wconf 86' lang='lat' dir='ltr'>pronomen,</span> <span class='ocrx_word' id='word_1_325' title='bbox 303 3198 371 3263; x_wconf 90' lang='lat' dir='ltr'>qood</span> <span class='ocrx_word' id='word_1_326' title='bbox 390 3199 509 3262; x_wconf 84' lang='lat' dir='ltr'>proxime</span> <span class='ocrx_word' id='word_1_327' title='bbox 526 3206 669 3249; x_wconf 87' lang='lat' dir='ltr'>antecesse-</span> <span class='ocrx_word' id='word_1_328' title='bbox 706 3198 792 3261; x_wconf 84' lang='lat' dir='ltr'>matis,</span> <span class='ocrx_word' id='word_1_329' title='bbox 808 3197 935 3248; x_wconf 80' lang='lat' dir='ltr'>inchoator</span> <span class='ocrx_word' id='word_1_330' title='bbox 954 3198 1019 3247; x_wconf 87' lang='lat' dir='ltr'>lucis</span> <span class='ocrx_word' id='word_1_331' title='bbox 1039 3198 1237 3248; x_wconf 88' lang='lat' dir='ltr'>salutationibus</span> 
     </span>
     <span class='ocr_line' id='line_1_34' title="bbox 114 3274 1237 3337; baseline 0.002 -15"><span class='ocrx_word' id='word_1_332' title='bbox 114 3310 116 3314; x_wconf 82' lang='lat'>.</span> <span class='ocrx_word' id='word_1_333' title='bbox 138 3281 191 3334; x_wconf 83' lang='lat' dir='ltr'>rat,</span> <span class='ocrx_word' id='word_1_334' title='bbox 204 3274 333 3336; x_wconf 74' lang='lat' dir='ltr'>regentis:</span> <span class='ocrx_word' id='word_1_335' title='bbox 351 3288 436 3337; x_wconf 86' lang='lat' dir='ltr'>neque</span> <span class='ocrx_word' id='word_1_336' title='bbox 451 3274 520 3324; x_wconf 87' lang='lat' dir='ltr'>eninr</span> <span class='ocrx_word' id='word_1_337' title='bbox 539 3277 588 3323; x_wconf 89' lang='lat' dir='ltr'>boc</span> <span class='ocrx_word' id='word_1_338' title='bbox 606 3274 670 3324; x_wconf 91' lang='lat' dir='ltr'>dicit</span> <span class='ocrx_word' id='word_1_339' title='bbox 707 3274 820 3337; x_wconf 78' lang='lat' dir='ltr'>religiosi</span> <span class='ocrx_word' id='word_1_340' title='bbox 844 3274 952 3337; x_wconf 86' lang='lat' dir='ltr'>primam</span> <span class='ocrx_word' id='word_1_341' title='bbox 974 3274 1124 3324; x_wconf 83' lang='lat' dir='ltr'>nunciantes</span> <span class='ocrx_word' id='word_1_342' title='bbox 1148 3275 1237 3324; x_wconf 85' lang='lat' dir='ltr'>boram</span> 
     </span>
     <span class='ocr_line' id='line_1_35' title="bbox 138 3346 1235 3413; baseline -0.001 -12"><span class='ocrx_word' id='word_1_343' title='bbox 138 3349 234 3405; x_wconf 67' lang='lat' dir='ltr'>Poeta,</span> <span class='ocrx_word' id='word_1_344' title='bbox 257 3349 360 3398; x_wconf 76' lang='lat' dir='ltr'>tenuisse</span> <span class='ocrx_word' id='word_1_345' title='bbox 379 3364 408 3397; x_wconf 87' lang='lat' dir='ltr'>se</span> <span class='ocrx_word' id='word_1_346' title='bbox 434 3350 480 3398; x_wconf 88' lang='lat' dir='ltr'>aed</span> <span class='ocrx_word' id='word_1_347' title='bbox 506 3357 669 3399; x_wconf 88' lang='lat' dir='ltr'>retentuma</span> <span class='ocrx_word' id='word_1_348' title='bbox 707 3349 893 3413; x_wconf 65' lang='lat' dir='ltr'>perstrepunt!</span> <span class='ocrx_word' id='word_1_349' title='bbox 941 3346 1033 3401; x_wconf 83' lang='lat' dir='ltr'>lnl&#39;ra:</span> <span class='ocrx_word' id='word_1_350' title='bbox 1061 3350 1146 3400; x_wconf 84' lang='lat' dir='ltr'>‘Ilico</span> <span class='ocrx_word' id='word_1_351' title='bbox 1170 3349 1235 3400; x_wconf 80' lang='lat' dir='ltr'>Dera</span> 
     </span>
     <span class='ocr_line' id='line_1_36' title="bbox 136 3422 1236 3487; baseline 0.004 -15"><span class='ocrx_word' id='word_1_352' title='bbox 136 3424 222 3483; x_wconf 72' lang='lat' dir='ltr'>Sacro</span> <span class='ocrx_word' id='word_1_353' title='bbox 231 3423 336 3474; x_wconf 80' lang='lat' dir='ltr'>Saturni</span> <span class='ocrx_word' id='word_1_354' title='bbox 345 3424 397 3486; x_wconf 88' lang='lat' dir='ltr'>die,</span> <span class='ocrx_word' id='word_1_355' title='bbox 410 3425 459 3474; x_wconf 91' lang='lat' dir='ltr'>hoc</span> <span class='ocrx_word' id='word_1_356' title='bbox 470 3432 520 3487; x_wconf 85' lang='lat' dir='ltr'>est,</span> <span class='ocrx_word' id='word_1_357' title='bbox 535 3425 670 3475; x_wconf 83' lang='lat' dir='ltr'>inhibitum</span> <span class='ocrx_word' id='word_1_358' title='bbox 706 3424 840 3475; x_wconf 86' lang='lat' dir='ltr'>matutinis</span> <span class='ocrx_word' id='word_1_359' title='bbox 876 3422 1003 3487; x_wconf 86' lang='lat' dir='ltr'>perfectis</span> <span class='ocrx_word' id='word_1_360' title='bbox 1038 3425 1236 3476; x_wconf 88' lang='lat' dir='ltr'>salutationibus</span> 
     </span>
     <span class='ocr_line' id='line_1_37' title="bbox 137 3499 1237 3572; baseline -0.001 -19"><span class='ocrx_word' id='word_1_361' title='bbox 137 3499 366 3564; x_wconf 81' lang='lat' dir='ltr'>ocreprebeusum</span> <span class='ocrx_word' id='word_1_362' title='bbox 382 3501 456 3565; x_wconf 85' lang='lat' dir='ltr'>qnasi</span> <span class='ocrx_word' id='word_1_363' title='bbox 474 3514 489 3548; x_wconf 89' lang='lat' dir='ltr'>e</span> <span class='ocrx_word' id='word_1_364' title='bbox 508 3499 587 3564; x_wconf 80' lang='lat' dir='ltr'>snga;</span> <span class='ocrx_word' id='word_1_365' title='bbox 605 3502 669 3551; x_wconf 85' lang='lat' dir='ltr'>reti-</span> <span class='ocrx_word' id='word_1_366' title='bbox 707 3515 806 3551; x_wconf 89' lang='lat' dir='ltr'>summo</span> <span class='ocrx_word' id='word_1_367' title='bbox 830 3501 917 3550; x_wconf 86' lang='lat' dir='ltr'>studio</span> <span class='ocrx_word' id='word_1_368' title='bbox 941 3501 1133 3572; x_wconf 73' lang='lat' dir='ltr'>percunctabar</span> <span class='ocrx_word' id='word_1_369' title='bbox 1153 3503 1237 3565; x_wconf 73' lang='lat' dir='ltr'>singu·</span> 
     </span>
     <span class='ocr_line' id='line_1_38' title="bbox 138 3575 1236 3642; baseline -0.002 -13"><span class='ocrx_word' id='word_1_370' title='bbox 138 3585 245 3642; x_wconf 86' lang='lat' dir='ltr'>tumque</span> <span class='ocrx_word' id='word_1_371' title='bbox 264 3591 293 3626; x_wconf 86' lang='lat' dir='ltr'>se</span> <span class='ocrx_word' id='word_1_372' title='bbox 313 3584 389 3627; x_wconf 83' lang='lat' dir='ltr'>extro</span> <span class='ocrx_word' id='word_1_373' title='bbox 407 3584 507 3640; x_wconf 85' lang='lat' dir='ltr'>portam</span> <span class='ocrx_word' id='word_1_374' title='bbox 529 3579 604 3640; x_wconf 79' lang='lat' dir='ltr'>‘qum</span> <span class='ocrx_word' id='word_1_375' title='bbox 626 3577 669 3642; x_wconf 90' lang='lat' dir='ltr'>(ut</span> <span class='ocrx_word' id='word_1_376' title='bbox 706 3575 762 3627; x_wconf 88' lang='lat' dir='ltr'>los.’</span> <span class='ocrx_word' id='word_1_377' title='bbox 796 3575 879 3638; x_wconf 64' lang='lat' dir='ltr'>liena:</span> <span class='ocrx_word' id='word_1_378' title='bbox 896 3576 978 3626; x_wconf 88' lang='lat' dir='ltr'>‘Rite</span> <span class='ocrx_word' id='word_1_379' title='bbox 999 3578 1099 3626; x_wconf 89' lang='lat' dir='ltr'>solenni</span> <span class='ocrx_word' id='word_1_380' title='bbox 1123 3579 1236 3641; x_wconf 84' lang='lat' dir='ltr'>apertio·</span> 
     </span>
     <span class='ocr_line' id='line_1_39' title="bbox 137 3652 1235 3717; baseline 0.001 -14"><span class='ocrx_word' id='word_1_381' title='bbox 137 3653 227 3717; x_wconf 87' lang='lat' dir='ltr'>lepide</span> <span class='ocrx_word' id='word_1_382' title='bbox 238 3653 343 3716; x_wconf 86' lang='lat' dir='ltr'>jocatur</span> <span class='ocrx_word' id='word_1_383' title='bbox 353 3652 450 3715; x_wconf 89' lang='lat' dir='ltr'>Varro)</span> <span class='ocrx_word' id='word_1_384' title='bbox 468 3653 556 3702; x_wconf 92' lang='lat' dir='ltr'>itineri</span> <span class='ocrx_word' id='word_1_385' title='bbox 575 3654 669 3716; x_wconf 80' lang='lat' dir='ltr'>longis·</span> <span class='ocrx_word' id='word_1_386' title='bbox 706 3654 744 3703; x_wconf 91' lang='lat' dir='ltr'>nis</span> <span class='ocrx_word' id='word_1_387' title='bbox 755 3653 886 3702; x_wconf 86' lang='lat' dir='ltr'>celebrato</span> <span class='ocrx_word' id='word_1_388' title='bbox 897 3653 1048 3714; x_wconf 90' lang='lat' dir='ltr'>ministerio,</span> <span class='ocrx_word' id='word_1_389' title='bbox 1067 3667 1097 3704; x_wconf 84' lang='lat' dir='ltr'>ac</span> <span class='ocrx_word' id='word_1_390' title='bbox 1108 3654 1235 3704; x_wconf 86' lang='lat' dir='ltr'>matutino</span> 
     </span>
     <span class='ocr_line' id='line_1_40' title="bbox 136 3726 1236 3792; baseline -0.003 -11"><span class='ocrx_word' id='word_1_391' title='bbox 136 3730 204 3781; x_wconf 85' lang='lat' dir='ltr'>sima</span> <span class='ocrx_word' id='word_1_392' title='bbox 223 3743 281 3779; x_wconf 89' lang='lat' dir='ltr'>esse</span> <span class='ocrx_word' id='word_1_393' title='bbox 301 3728 415 3785; x_wconf 84' lang='lat' dir='ltr'>dieitur,’</span> <span class='ocrx_word' id='word_1_394' title='bbox 437 3728 529 3792; x_wconf 88' lang='lat' dir='ltr'>pedem</span> <span class='ocrx_word' id='word_1_395' title='bbox 549 3730 668 3792; x_wconf 84' lang='lat' dir='ltr'>quopiam</span> <span class='ocrx_word' id='word_1_396' title='bbox 707 3733 814 3791; x_wconf 88' lang='lat' dir='ltr'>peraeto</span> <span class='ocrx_word' id='word_1_397' title='bbox 837 3726 978 3778; x_wconf 63' lang='lat' dir='ltr'>sacrificio?</span> <span class='ocrx_word' id='word_1_398' title='bbox 1021 3727 1151 3778; x_wconf 79' lang='lat' dir='ltr'>Amobius</span> <span class='ocrx_word' id='word_1_399' title='bbox 1169 3729 1236 3778; x_wconf 90' lang='lat' dir='ltr'>libro</span> 
     </span>
     <span class='ocr_line' id='line_1_41' title="bbox 137 3802 1236 3874; baseline -0.006 -16"><span class='ocrx_word' id='word_1_400' title='bbox 137 3821 249 3874; x_wconf 71' lang='lat' dir='ltr'>peregre</span> <span class='ocrx_word' id='word_1_401' title='bbox 258 3808 366 3857; x_wconf 83' lang='lat' dir='ltr'>ulterius</span> <span class='ocrx_word' id='word_1_402' title='bbox 374 3806 468 3857; x_wconf 81' lang='lat' dir='ltr'>efferre</span> <span class='ocrx_word' id='word_1_403' title='bbox 480 3820 565 3870; x_wconf 87' lang='lat' dir='ltr'>porro.</span> <span class='ocrx_word' id='word_1_404' title='bbox 583 3809 658 3857; x_wconf 79' lang='lat' dir='ltr'>Idm.</span> <span class='ocrx_word' id='word_1_405' title='bbox 705 3803 832 3866; x_wconf 84' lang='lat' dir='ltr'>septimo:</span> <span class='ocrx_word' id='word_1_406' title='bbox 849 3803 937 3854; x_wconf 80' lang='lat' dir='ltr'>‘Quid</span> <span class='ocrx_word' id='word_1_407' title='bbox 961 3802 1011 3852; x_wconf 88' lang='lat' dir='ltr'>sibi</span> <span class='ocrx_word' id='word_1_408' title='bbox 1031 3802 1119 3852; x_wconf 84' lang='lat' dir='ltr'>rolant</span> <span class='ocrx_word' id='word_1_409' title='bbox 1137 3804 1236 3853; x_wconf 82' lang='lat' dir='ltr'>excita-</span> 
     </span>
     <span class='ocr_line' id='line_1_42' title="bbox 172 3877 1235 3946; baseline -0.007 -11"><span class='ocrx_word' id='word_1_410' title='bbox 172 3891 205 3937; x_wconf 70' lang='lat'>23</span> <span class='ocrx_word' id='word_1_411' title='bbox 228 3886 293 3942; x_wconf 78' lang='lat' dir='ltr'>Qsto</span> <span class='ocrx_word' id='word_1_412' title='bbox 311 3891 352 3936; x_wconf 76' lang='lat' dir='ltr'>tuo</span> <span class='ocrx_word' id='word_1_413' title='bbox 370 3900 431 3934; x_wconf 79' lang='lat' dir='ltr'>aare</span> <span class='ocrx_word' id='word_1_414' title='bbox 449 3885 496 3934; x_wconf 84' lang='lat' dir='ltr'>lais</span> <span class='ocrx_word' id='word_1_415' title='bbox 512 3883 567 3946; x_wconf 81' lang='lat' dir='ltr'>libi,</span> <span class='ocrx_word' id='word_1_416' title='bbox 584 3881 669 3946; x_wconf 71' lang='lat' dir='ltr'>Deba]</span> <span class='ocrx_word' id='word_1_417' title='bbox 706 3878 789 3927; x_wconf 88' lang='lat' dir='ltr'>tiones</span> <span class='ocrx_word' id='word_1_418' title='bbox 798 3877 857 3937; x_wconf 75' lang='lat' dir='ltr'>ilie,</span> <span class='ocrx_word' id='word_1_419' title='bbox 869 3877 1032 3944; x_wconf 72' lang='lat' dir='ltr'>quascanitia</span> <span class='ocrx_word' id='word_1_420' title='bbox 1047 3879 1167 3928; x_wconf 88' lang='lat' dir='ltr'>matutini</span> <span class='ocrx_word' id='word_1_421' title='bbox 1182 3880 1235 3929; x_wconf 89' lang='lat' dir='ltr'>col·</span> 
     </span>
     <span class='ocr_line' id='line_1_43' title="bbox 137 3951 1235 4027; baseline -0.007 -18"><span class='ocrx_word' id='word_1_422' title='bbox 137 3963 213 4027; x_wconf 71' lang='lat' dir='ltr'>lege</span> <span class='ocrx_word' id='word_1_423' title='bbox 223 3961 291 4024; x_wconf 65' lang='lat' dir='ltr'>aab,</span> <span class='ocrx_word' id='word_1_424' title='bbox 308 3975 359 4010; x_wconf 91' lang='lat' dir='ltr'>non</span> <span class='ocrx_word' id='word_1_425' title='bbox 371 3961 425 4020; x_wconf 79' lang='lat' dir='ltr'>tibi,</span> <span class='ocrx_word' id='word_1_426' title='bbox 440 3975 473 4009; x_wconf 81' lang='lat' dir='ltr'>ex</span> <span class='ocrx_word' id='word_1_427' title='bbox 488 3959 570 4007; x_wconf 85' lang='lat' dir='ltr'>reteri</span> <span class='ocrx_word' id='word_1_428' title='bbox 586 3959 668 4021; x_wconf 87' lang='lat' dir='ltr'>scrip·</span> <span class='ocrx_word' id='word_1_429' title='bbox 705 3952 766 4002; x_wconf 90' lang='lat' dir='ltr'>latis</span> <span class='ocrx_word' id='word_1_430' title='bbox 783 3951 816 4000; x_wconf 89' lang='lat' dir='ltr'>ad</span> <span class='ocrx_word' id='word_1_431' title='bbox 835 3951 923 4000; x_wconf 89' lang='lat' dir='ltr'>tibiam</span> <span class='ocrx_word' id='word_1_432' title='bbox 945 3951 1067 4002; x_wconf 84' lang='lat' dir='ltr'>vocibus?</span> <span class='ocrx_word' id='word_1_433' title='bbox 1095 3952 1235 4003; x_wconf 82' lang='lat' dir='ltr'>obdormis·</span> 
     </span>
     <span class='ocr_line' id='line_1_44' title="bbox 137 4026 1233 4101; baseline 0.001 -24"><span class='ocrx_word' id='word_1_434' title='bbox 137 4046 209 4091; x_wconf 65' lang='lat' dir='ltr'>w..</span> <span class='ocrx_word' id='word_1_435' title='bbox 244 4038 310 4089; x_wconf 65' lang='lat' dir='ltr'>Nm</span> <span class='ocrx_word' id='word_1_436' title='bbox 331 4037 414 4101; x_wconf 64' lang='lat' dir='ltr'>liquet</span> <span class='ocrx_word' id='word_1_437' title='bbox 432 4050 488 4085; x_wconf 74' lang='lat' dir='ltr'>eam</span> <span class='ocrx_word' id='word_1_438' title='bbox 506 4050 554 4099; x_wconf 78' lang='lat' dir='ltr'>pro</span> <span class='ocrx_word' id='word_1_439' title='bbox 570 4035 668 4084; x_wconf 79' lang='lat' dir='ltr'>Tibulli</span> <span class='ocrx_word' id='word_1_440' title='bbox 706 4035 769 4078; x_wconf 89' lang='lat' dir='ltr'>cunt</span> <span class='ocrx_word' id='word_1_441' title='bbox 789 4027 856 4076; x_wconf 90' lang='lat' dir='ltr'>enim</span> <span class='ocrx_word' id='word_1_442' title='bbox 882 4026 986 4089; x_wconf 85' lang='lat' dir='ltr'>Superi,</span> <span class='ocrx_word' id='word_1_443' title='bbox 1011 4040 1126 4077; x_wconf 85' lang='lat' dir='ltr'>remeare</span> <span class='ocrx_word' id='word_1_444' title='bbox 1148 4033 1179 4077; x_wconf 87' lang='lat' dir='ltr'>ut</span> <span class='ocrx_word' id='word_1_445' title='bbox 1200 4027 1233 4078; x_wconf 90' lang='lat' dir='ltr'>ad</span> 
     </span>
     <span class='ocr_line' id='line_1_45' title="bbox 137 4100 1234 4169; baseline -0.009 -4"><span class='ocrx_word' id='word_1_446' title='bbox 137 4114 231 4169; x_wconf 78' lang='lat' dir='ltr'>morbo</span> <span class='ocrx_word' id='word_1_447' title='bbox 242 4113 268 4163; x_wconf 92' lang='lat' dir='ltr'>in</span> <span class='ocrx_word' id='word_1_448' title='bbox 279 4120 353 4163; x_wconf 88' lang='lat' dir='ltr'>casto</span> <span class='ocrx_word' id='word_1_449' title='bbox 364 4112 440 4161; x_wconf 85' lang='lat' dir='ltr'>laidis</span> <span class='ocrx_word' id='word_1_450' title='bbox 450 4110 539 4162; x_wconf 82' lang='lat' dir='ltr'>inisse.</span> <span class='ocrx_word' id='word_1_451' title='bbox 555 4111 619 4160; x_wconf 76' lang='lat' dir='ltr'>Saul.</span> <span class='ocrx_word' id='word_1_452' title='bbox 706 4103 804 4167; x_wconf 72' lang='lat' dir='ltr'>vigilias</span> <span class='ocrx_word' id='word_1_453' title='bbox 825 4100 945 4152; x_wconf 72' lang='lat' dir='ltr'>dohetnl·</span> <span class='ocrx_word' id='word_1_454' title='bbox 989 4100 1057 4151; x_wconf 80' lang='lat' dir='ltr'>Quid</span> <span class='ocrx_word' id='word_1_455' title='bbox 1080 4100 1234 4151; x_wconf 80' lang='lat' dir='ltr'>domitianus</span> 
     </span>
     <span class='ocr_line' id='line_1_46' title="bbox 173 4176 1235 4252; baseline -0.012 -13"><span class='ocrx_word' id='word_1_456' title='bbox 173 4194 206 4239; x_wconf 77' lang='lat'>2⁹</span> <span class='ocrx_word' id='word_1_457' title='bbox 226 4190 321 4238; x_wconf 82' lang='lat' dir='ltr'>Ulmeo</span> <span class='ocrx_word' id='word_1_458' title='bbox 339 4189 438 4252; x_wconf 82' lang='lat' dir='ltr'>rotiana]</span> <span class='ocrx_word' id='word_1_459' title='bbox 462 4186 494 4236; x_wconf 86' lang='lat' dir='ltr'>In</span> <span class='ocrx_word' id='word_1_460' title='bbox 513 4185 605 4236; x_wconf 73' lang='lat' dir='ltr'>infimo</span> <span class='ocrx_word' id='word_1_461' title='bbox 626 4200 667 4235; x_wconf 86' lang='lat' dir='ltr'>ve·</span> <span class='ocrx_word' id='word_1_462' title='bbox 705 4177 865 4242; x_wconf 84' lang='lat' dir='ltr'>illae,qnibus</span> <span class='ocrx_word' id='word_1_463' title='bbox 884 4177 949 4226; x_wconf 89' lang='lat' dir='ltr'>bene</span> <span class='ocrx_word' id='word_1_464' title='bbox 962 4176 1235 4240; x_wconf 80' lang='lat' dir='ltr'>utralesntaospica·</span> 
     </span>
     <span class='ocr_line' id='line_1_47' title="bbox 138 4249 1233 4326; baseline -0.014 -10"><span class='ocrx_word' id='word_1_465' title='bbox 138 4265 247 4319; x_wconf 82' lang='lat' dir='ltr'>testatis</span> <span class='ocrx_word' id='word_1_466' title='bbox 259 4265 324 4314; x_wconf 92' lang='lat' dir='ltr'>libro</span> <span class='ocrx_word' id='word_1_467' title='bbox 339 4265 383 4324; x_wconf 78' lang='lat' dir='ltr'>Et,</span> <span class='ocrx_word' id='word_1_468' title='bbox 394 4278 444 4311; x_wconf 94' lang='lat' dir='ltr'>nou</span> <span class='ocrx_word' id='word_1_469' title='bbox 459 4264 500 4312; x_wconf 85' lang='lat' dir='ltr'>Ut.</span> <span class='ocrx_word' id='word_1_470' title='bbox 544 4263 667 4326; x_wconf 79' lang='lat' dir='ltr'>Magnum</span> <span class='ocrx_word' id='word_1_471' title='bbox 705 4255 751 4304; x_wconf 92' lang='lat' dir='ltr'>bili</span> <span class='ocrx_word' id='word_1_472' title='bbox 776 4252 931 4302; x_wconf 81' lang='lat' dir='ltr'>salutatione</span> <span class='ocrx_word' id='word_1_473' title='bbox 958 4249 1108 4300; x_wconf 74' lang='lat' dir='ltr'>mandatis?</span> <span class='ocrx_word' id='word_1_474' title='bbox 1146 4251 1233 4301; x_wconf 89' lang='lat' dir='ltr'>Somni</span> 
     </span>
     <span class='ocr_line' id='line_1_48' title="bbox 138 4325 1233 4399; baseline -0.003 -21"><span class='ocrx_word' id='word_1_475' title='bbox 138 4347 227 4392; x_wconf 61' lang='lat' dir='ltr'>mem</span> <span class='ocrx_word' id='word_1_476' title='bbox 250 4339 370 4389; x_wconf 65' lang='lat' dir='ltr'>mendum</span> <span class='ocrx_word' id='word_1_477' title='bbox 398 4345 438 4389; x_wconf 62' lang='lat' dir='ltr'>est</span> <span class='ocrx_word' id='word_1_478' title='bbox 464 4339 489 4388; x_wconf 72' lang='lat' dir='ltr'>in</span> <span class='ocrx_word' id='word_1_479' title='bbox 516 4340 564 4387; x_wconf 71' lang='lat'>1100</span> <span class='ocrx_word' id='word_1_480' title='bbox 585 4353 668 4399; x_wconf 59' lang='lat' dir='ltr'>versu,</span> <span class='ocrx_word' id='word_1_481' title='bbox 705 4332 772 4378; x_wconf 91' lang='lat' dir='ltr'>enim</span> <span class='ocrx_word' id='word_1_482' title='bbox 789 4328 875 4392; x_wconf 83' lang='lat' dir='ltr'>quiete</span> <span class='ocrx_word' id='word_1_483' title='bbox 890 4326 1041 4374; x_wconf 79' lang='lat' dir='ltr'>solvuntur:</span> <span class='ocrx_word' id='word_1_484' title='bbox 1060 4325 1233 4390; x_wconf 85' lang='lat' dir='ltr'>occuparique</span> 
     </span>
     <span class='ocr_line' id='line_1_49' title="bbox 137 4397 1232 4480; baseline -0.002 -27"><span class='ocrx_word' id='word_1_485' title='bbox 137 4432 215 4479; x_wconf 62' lang='lat' dir='ltr'>m,</span> <span class='ocrx_word' id='word_1_486' title='bbox 227 4430 274 4480; x_wconf 67' lang='lat'>9¹⁰</span> <span class='ocrx_word' id='word_1_487' title='bbox 282 4419 369 4466; x_wconf 61' lang='lat' dir='ltr'>mla,</span> <span class='ocrx_word' id='word_1_488' title='bbox 408 4416 442 4464; x_wconf 71' lang='grc' dir='ltr'>Ει</span> <span class='ocrx_word' id='word_1_489' title='bbox 453 4429 504 4465; x_wconf 70' lang='lat' dir='ltr'>,m</span> <span class='ocrx_word' id='word_1_490' title='bbox 513 4414 603 4463; x_wconf 62' lang='lat' dir='ltr'>metm</span> <span class='ocrx_word' id='word_1_491' title='bbox 616 4427 668 4476; x_wconf 63' lang='lat' dir='ltr'>per.</span> <span class='ocrx_word' id='word_1_492' title='bbox 705 4412 735 4454; x_wconf 91' lang='lat' dir='ltr'>ut</span> <span class='ocrx_word' id='word_1_493' title='bbox 749 4404 796 4452; x_wconf 89' lang='lat' dir='ltr'>boc</span> <span class='ocrx_word' id='word_1_494' title='bbox 809 4400 915 4464; x_wconf 83' lang='lat' dir='ltr'>possint,</span> <span class='ocrx_word' id='word_1_495' title='bbox 928 4398 1000 4446; x_wconf 83' lang='lat' dir='ltr'>lones</span> <span class='ocrx_word' id='word_1_496' title='bbox 1017 4397 1152 4448; x_wconf 78' lang='lat' dir='ltr'>audienda</span> <span class='ocrx_word' id='word_1_497' title='bbox 1170 4406 1232 4451; x_wconf 87' lang='lat' dir='ltr'>sunt</span> 
     </span>
     <span class='ocr_line' id='line_1_50' title="bbox 138 4473 1234 4554; baseline -0.016 -8"><span class='ocrx_word' id='word_1_498' title='bbox 138 4496 215 4545; x_wconf 70' lang='lat' dir='ltr'>neas</span> <span class='ocrx_word' id='word_1_499' title='bbox 223 4493 295 4545; x_wconf 83' lang='lat' dir='ltr'>Delio</span> <span class='ocrx_word' id='word_1_500' title='bbox 305 4494 391 4540; x_wconf 79' lang='lat' dir='ltr'>noctes.</span> <span class='ocrx_word' id='word_1_501' title='bbox 409 4491 576 4554; x_wconf 86' lang='lat' dir='ltr'>Propertius:</span> <span class='ocrx_word' id='word_1_502' title='bbox 587 4492 669 4540; x_wconf 69' lang='lat' dir='ltr'>‘Tria</span> <span class='ocrx_word' id='word_1_503' title='bbox 704 4480 794 4530; x_wconf 77' lang='lat' dir='ltr'>naeniae</span> <span class='ocrx_word' id='word_1_504' title='bbox 803 4476 821 4525; x_wconf 85' lang='lat' dir='ltr'>i’</span> <span class='ocrx_word' id='word_1_505' title='bbox 832 4474 884 4525; x_wconf 86' lang='lat' dir='ltr'>Ubi</span> <span class='ocrx_word' id='word_1_506' title='bbox 893 4473 1095 4538; x_wconf 83' lang='lat' dir='ltr'>planebabeade</span> <span class='ocrx_word' id='word_1_507' title='bbox 1102 4475 1234 4538; x_wconf 88' lang='lat' dir='ltr'>primabo·</span> 
     </span>
     <span class='ocr_line' id='line_1_51' title="bbox 139 4549 1234 4638; baseline 0 -31"><span class='ocrx_word' id='word_1_508' title='bbox 139 4569 459 4638; x_wconf 58' lang='lat' dir='ltr'>ffljmedmtmmm</span> <span class='ocrx_word' id='word_1_509' title='bbox 467 4554 668 4634; x_wconf 50' lang='lat' dir='ltr'>„pumanobnj</span> <span class='ocrx_word' id='word_1_510' title='bbox 701 4549 1234 4621; x_wconf 82' lang='lat' dir='ltr'>rs,deaalutrtioneetexcitationeDee,</span> 
     </span>
    </p>
   </div>
   <div class='ocr_carea' id='block_1_3' title="bbox 0 0 1384 5130">
    <p class='ocr_par' dir='ltr' id='par_1_3' title="bbox 0 0 1384 5130">
     <span class='ocr_line' id='line_1_52' title="bbox 0 0 1384 5130; baseline 0 1"><span class='ocrx_word' id='word_1_511' title='bbox 0 0 1384 5130; x_wconf 95' lang='lat' dir='ltr'> </span> 
     </span>
    </p>
   </div>
  </div>
 </body>
</html>
