2760 5130
404 716 638 767 ussumottta
664 718 708 765 l'l'
733 719 898 768 luulcll.

189 857 290 924 Hunc
303 859 470 942 quondam
480 859 614 927 facilem
624 861 816 945 pbarctruto
832 881 966 946 semper
979 861 1097 931 Amori

233 957 318 1042 Ipsa
332 958 448 1024 Venus
462 980 601 1045 campos
616 961 713 1027 duxit
726 964 760 1026 in
773 963 920 1047 Elysios.

189 1059 270 1142 Hoc
283 1060 368 1126 duca
382 1080 484 1145 carpe
497 1063 597 1126 viam.
640 1062 808 1128 Sedenim
820 1070 856 1129 tu
866 1070 973 1130 mente
987 1067 1123 1148 pudica,

232 1160 335 1227 cmm
348 1181 442 1245 puer,
457 1163 564 1227 castis
575 1165 723 1228 carmina
736 1164 823 1247 tinge
838 1166 960 1231 modis.

189 1262 268 1346 lpse
281 1262 425 1346 quidem,
439 1283 502 1327 nec
516 1283 596 1328 vera
605 1282 705 1347 nego,
721 1265 892 1332 Sulmonis
906 1270 1024 1351 aquosi

234 1360 290 1427 Ad
304 1361 424 1427 Musas
438 1365 579 1447 propius
592 1370 755 1430 monstrat
769 1365 934 1431 Alumnus
949 1369 1026 1434 iter:

190 1465 256 1530 Sed
269 1471 397 1531 tautum
411 1471 548 1550 superat
563 1465 698 1532 facundi
713 1466 817 1532 blusa
829 1467 970 1547 Tibulli,

233 1567 404 1646 Quantum
419 1585 501 1632 voce
514 1567 600 1632 alias
624 1567 767 1634 Daulias
782 1570 854 1635 alos
869 1589 960 1636 aves.

235 1769 362 1836 Lucius
370 1769 519 1866 Joauues
530 1771 668 1856 Scoppa
682 1771 825 1839 Collect.
840 1758 915 1837 Lib.
933 1788 957 1837 ι.
973 1792 1003 1838 c.
1013 1774 1067 1841 31.

144 1928 299 1996 Tibullus
314 1927 423 1993 Poiita
437 1926 705 2007 candidissimus,
721 1935 819 2012 atque
833 1935 959 1995 amator
972 1931 1196 2014 felicissimus,

104 2052 172 2100 uon
185 2039 255 2096 tam
269 2028 399 2108 misere,
413 2047 515 2114 quam
532 2029 645 2113 lapide
671 2031 895 2114 concinneque
915 2036 997 2095 suos
1010 2027 1197 2100 decantavit

104 2152 251 2224 amores:
274 2133 374 2217 cujus
392 2131 520 2196 Poiima
532 2137 658 2196 tersum
673 2136 705 2196 et
723 2138 912 2197 emunctum
928 2133 1063 2215 quoties
1078 2135 1113 2198 iu
1126 2154 1197 2199 ma·

105 2254 170 2300 uns
183 2254 290 2312 sumo,
304 2253 370 2298 nou
383 2232 484 2298 modo
507 2231 637 2298 afficior
650 2252 771 2312 amore,
785 2233 845 2298 sed
858 2233 970 2316 ipsum
983 2234 1085 2302 etium
1099 2236 1197 2322 depe·

105 2344 250 2401 muntem
265 2335 377 2401 videre
390 2334 517 2400 videor.

245 2532 508 2597 Bartholomaeus
531 2530 671 2597 Riccius
684 2532 725 2595 de
740 2530 929 2599 Imitatione
943 2535 1018 2600 Lib.
1035 2553 1057 2598 1.

149 2716 332 2794 Catullum,
362 2714 542 2792 Tibullum,
567 2692 771 2794 Lucretium,
795 2717 986 2792 Horatium,
1014 2716 1198 2795 Maronem,

108 2826 236 2882 tuntum
256 2819 352 2881 abest
361 2822 399 2881 ut
409 2816 489 2880 boni
501 2834 617 2880 omues
630 2835 695 2881 nou
706 2835 905 2900 magnopere
920 2817 1066 2896 laudaut,
1088 2825 1123 2883 ut
1139 2838 1197 2884 eos

106 2920 207 2984 etiam
220 2919 311 2983 nullo
326 2918 392 2982 tine
406 2917 602 3000 suspiciant,
615 2918 783 2996 mirentur,
797 2918 919 2983 colant.

418 3131 421 3136 ·
447 3116 544 3181 Idem
557 3114 637 3180 ibid.
652 3113 755 3199 paulo
769 3122 857 3197 post.

151 3265 297 3331 Primum
312 3271 421 3331 autem
434 3266 546 3331 locum
567 3263 603 3328 in
626 3263 743 3346 Elegia
761 3262 933 3328 Tibullum
948 3263 1110 3329 scribendi
1125 3286 1200 3331 suu·

108 3367 211 3432 vituts
225 3368 291 3431 sibi
313 3365 482 3432 vindicare
503 3371 679 3449 putamus:
700 3383 808 3448 neque
830 3365 874 3429 sit
895 3383 992 3444 nunc,
1007 3366 1065 3449 qui
1078 3366 1128 3432 illi
1143 3373 1200 3432 aut

109 3465 267 3533 Ovidium
289 3473 349 3533 aut
367 3466 579 3551 Propertium
601 3465 768 3544 conferat3
802 3484 944 3548 quorum
965 3472 1103 3550 uterque
1130 3487 1201 3533 om·

106 3566 183 3632 uino
197 3568 361 3651 quasdam
376 3565 510 3649 Elegias
524 3565 739 3649 conscripsit,
759 3583 837 3648 qum
859 3564 1038 3631 admodum
1052 3573 1200 3632 coutam-

106 3675 244 3734 uantur:
266 3670 300 3734 in
314 3669 431 3737 catoris
452 3687 541 3746 vero,
564 3684 702 3750 quarum
722 3665 823 3748 longo
843 3664 950 3748 major
967 3670 1019 3729 est
1032 3685 1200 3746 uumerus,

107 3768 190 3833 ulter
203 3777 263 3835 aut
276 3789 314 3834 so
331 3769 427 3854 justo
448 3767 626 3831 demissius
648 3767 726 3849 ugit,
748 3773 806 3832 aut
825 3767 873 3831 itu
893 3784 969 3831 cum
989 3769 1116 3834 numeri
1129 3774 1200 3835 tum

106 3871 287 3935 verborum
315 3869 409 3934 nullo
439 3886 574 3952 prorsus
599 3865 722 3931 dilectu
743 3867 857 3932 habito
881 3887 995 3933 versus
1017 3870 1143 3954 pangit,
1165 3876 1202 3937 ut

108 3970 236 4054 sapius
250 3968 412 4055 quicquid
426 3969 460 4033 in
474 3968 616 4033 buccam
629 3968 665 4031 in
678 3985 813 4031 carmen
823 3966 999 4053 conjiciat:
1013 3970 1096 4035 alter
1109 3992 1200 4050 vero,

109 4079 168 4137 aut
187 4073 236 4137 roi
258 4070 466 4148 difficultate,
489 4077 547 4135 aut
569 4088 703 4134 numero
725 4068 868 4153 quodam
893 4070 1075 4153 asperiore,
1099 4073 1201 4155 paulo

100 4171 272 4237 horridior
285 4171 430 4242 babetur.
473 4167 560 4233 Cum
575 4169 611 4232 in
624 4169 762 4234 Tibullo
775 4189 873 4252 paeue
886 4168 1069 4236 lectissima
1079 4172 1202 4251 omnia,

108 4277 144 4336 ct
164 4278 341 4358 propterea
365 4271 466 4335 etiam
486 4270 646 4336 facillima
664 4269 825 4353 legantur,
846 4270 1035 4355 cadantque
1057 4272 1105 4335 ita
1128 4270 1203 4356 ejus

108 4373 235 4437 numeri
248 4374 375 4451 leniter,
392 4377 430 4436 ut
450 4372 556 4455 magis
578 4371 738 4437 concinna
759 4370 880 4437 cadere
897 4371 1125 4454 nonpossint:
1148 4393 1201 4452 ac,

110 4477 145 4540 iu
160 4495 229 4558 quo
242 4475 384 4559 primam
397 4475 527 4540 laudem
543 4473 684 4556 acquirit
698 4471 827 4555 Elegia,
838 4471 892 4536 hic
907 4471 954 4535 itu
968 4477 1045 4554 apte
1052 4479 1202 4556 vagetur,
