2760 5130
577 688 783 742 PRAEFATIQ
1189 682 1231 749 ll

128 848 248 899 omnes
270 831 346 901 libri
371 831 536 899 rarissimi
560 834 667 914 dotes,
691 835 860 921 facileque
887 837 1063 925 impetravi
1086 857 1110 904 a
1137 838 1231 909 Viris

126 932 367 1020 Amplissimis‚
391 936 448 1020 qni
463 938 513 1002 rei
535 938 691 1003 bleranae
716 957 830 1005 curam
853 945 969 1024 gerunt
993 941 1027 1005 in
1052 941 1228 1023 Borussia,

129 1043 169 1102 ut
182 1056 257 1102 eum
270 1036 363 1104 domi
378 1058 438 1122 per
451 1039 558 1104 ouum
571 1040 682 1106 denuo
693 1043 1077 1123 excuteremibiliceret,
1089 1050 1123 1110 et
1137 1064 1229 1115 com·

126 1155 247 1220 parare
275 1158 352 1205 cum
380 1141 649 1226 quibuscumque
671 1142 793 1207 vellem
819 1142 972 1227 ejusdem
1009 1145 1228 1215 Bibuotheee

125 1237 225 1305 libris
250 1241 455 1324 rarioribue3
477 1262 538 1326 pro
554 1263 624 1326 qua
642 1243 804 1327 singulari
820 1264 900 1330 erga
922 1265 978 1311 me
1000 1247 1228 1318 benevolentia

125 1341 297 1409 maximas
310 1343 379 1410 illis
395 1363 459 1427 ago
474 1350 617 1427 elegam
633 1346 771 1428 gratias,
795 1346 897 1413 ‘dnm
910 1348 1048 1431 spiritus
1062 1348 1125 1413 bos
1139 1354 1229 1434 reget

126 1442 238 1510 utus?
282 1443 438 1510 Petreius
461 1446 566 1529 igitur
584 1447 720 1513 Tibullo
736 1449 938 1532 subscripsit
950 1449 1044 1515 hec:
1067 1449 1228 1534 ‘Recog-

124 1546 205 1611 uovi
220 1565 287 1630 ego
306 1545 472 1614 Antonius
487 1549 642 1615 Petreius
668 1550 802 1616 collatis
828 1550 1109 1629 emendatissimis
1122 1556 1158 1618 et
1172 1571 1228 1619 re·

125 1647 319 1715 iustissimis
335 1647 455 1716 Romae
471 1657 508 1714 et
523 1640 702 1716 Florentius
718 1651 899 1719 Codieibus
915 1671 1003 1718 anno
1019 1652 1128 1721 1528:
1168 1653 1227 1720 sie

124 1755 223 1814 vetus
237 1751 415 1833 scriptura,
430 1756 561 1816 tantum
575 1771 641 1816 non
655 1751 810 1829 evanida,
826 1760 984 1819 renovata
997 1761 1059 1834 est,
1072 1755 1190 1824 nescio
1204 1773 1227 1823 a

125 1868 207 1932 quo,
221 1851 365 1918 fortasse
380 1854 425 1917 ab
441 1853 598 1931 Heinsio,
614 1854 762 1933 omissis,
775 1874 853 1939 quse
867 1855 1022 1921 inferiore
1030 1856 1108 1922 loco
1119 1856 1227 1948 scrip·

123 1957 161 2016 te
173 1971 297 2036 msgna
309 1954 482 2021 oculorum
497 1955 677 2020 intentione
700 1974 721 2020 a
743 1976 796 2022 me
811 1956 966 2022 restituta
980 1964 1076 2024 sunt:
1099 1960 1110 1991 ‘
1125 1955 1227 2024 codi-

124 2053 221 2120 cibus
236 2055 343 2122 tribus
358 2055 522 2122 Romanis
531 2056 653 2124 Veuet
677 2100 730 2121 ...
754 2065 788 2124 et
802 2057 995 2125 Florentini.
1009 2077 1055 2125 ex
1067 2057 1225 2125 Diomed.

123 2157 767 2239 gram.com.etl’1auti....etexcod
772 2204 868 2225 .....
869 2158 1225 2244 'Quaeperselerita

124 2256 168 2321 ed
204 2257 386 2342 pleniorem
416 2266 525 2326 mmen
555 2259 672 2325 borum
701 2260 946 2346 Exemplorum
972 2259 1225 2344 intelligentiam

123 2359 262 2426 mirifice
285 2359 421 2427 iaciunt
467 2360 644 2449 Romanos
660 2362 795 2446 quidem
809 2360 947 2428 codices
961 2365 997 2427 et
1012 2359 1225 2430 Florentinos

124 2461 158 2524 in
172 2460 355 2548 Exemplis
367 2462 455 2548 ipsis
470 2461 667 2528 nominatim
681 2461 778 2529 citari
792 2482 858 2529 non
875 2460 1025 2527 memini.
1067 2460 1138 2537 Sed
1160 2461 1224 2528 hoe

124 2562 183 2628 ille
201 2565 403 2648 complexus
425 2571 479 2630 est
498 2564 605 2629 literis
620 2562 667 2629 V.
683 2560 723 2628 0.
741 2562 877 2647 quibus,
901 2563 1079 2645 interprete
1094 2561 1226 2631 Bronk·

123 2663 230 2744 busio,
256 2666 448 2750 designatur
471 2666 629 2731 universe
645 2664 803 2732 Varietas
824 2663 997 2733 Lectionis
1011 2682 1056 2731 ex
1075 2662 1225 2748 antiquis

124 2766 301 2832 codicibus
330 2771 488 2834 mnotala
515 2767 559 2832 ab
590 2765 674 2833 Ant.
697 2765 845 2832 Petreio.
902 2765 952 2833 At
977 2763 1146 2832 Venatum
1167 2764 1224 2832 ille

125 2868 227 2933 semel
243 2868 367 2936 diserte
390 2870 507 2936 laudat
525 2868 569 2933 ad
585 2883 642 2933 ιιι.
656 2869 689 2932 4.
703 2867 758 2934 80.
781 2874 792 2903 ‘
809 2867 919 2946 Felix,
939 2889 978 2932 ce
992 2867 1096 2935 alium
1108 2867 1225 2933 desine

124 2968 209 3035 velle
232 2971 372 3041 vimmz'
401 2980 441 3038 nt
459 2977 515 3037 est
537 2971 572 3035 iu
594 2967 676 3035 Ald.
702 2969 800 3036 1515.
853 2966 1023 3052 Ascripsit
1048 2967 1225 3050 Peneius:

124 3073 187 3134 ‘oe
211 3073 328 3154 breve;
359 3074 427 3139 nisi
450 3094 522 3160 ergo
545 3073 648 3154 legas,
671 3077 711 3135 nt
733 3072 769 3136 in
799 3068 874 3135 cod.
902 3066 1001 3133 Vem'
1060 3065 1130 3131 Sed
1154 3066 1227 3131 lan·

124 3170 185 3237 dat
198 3176 309 3254 etiam
334 3195 432 3261 quem
446 3176 481 3240 in
496 3162 756 3257 subscripiione,
778 3171 844 3236 nisi
857 3169 968 3248 fallor,
987 3187 1053 3233 non
1068 3167 1224 3251 designa·

124 3274 186 3353 rit,
202 3273 425 3342 veronensem
439 3277 484 3341 ad
501 3293 526 3341 ι.
539 3275 573 3342 8.
587 3275 643 3341 22.
669 3277 758 3340 sicut
774 3273 893 3339 Pisani
913 3272 1035 3337 librum
1050 3268 1095 3336 ed
1109 3267 1225 3336 Catul-

123 3375 193 3441 lmn
207 3392 336 3443 xxrrr.
349 3380 383 3445 7.
408 3378 527 3445 Puccii
543 3376 718 3455 codicem,
742 3374 787 3446 V.
803 3373 844 3442 G.
869 3371 1031 3440 Ubaldini
1045 3378 1080 3439 et
1089 3370 1224 3439 Cremo·

123 3477 240 3543 mnus
270 3477 436 3564 Episcopi
465 3476 511 3544 nd
534 3477 745 3560 Propertium
773 3491 814 3540 ιι.
839 3476 872 3540 7.
896 3475 951 3542 13.
1009 3473 1079 3554 Qui
1103 3473 1223 3557 quales

122 3576 247 3644 fuerint
269 3578 357 3659 libri,
382 3578 484 3649 bodie
507 3578 711 3662 ignoramus.
764 3575 807 3641 In
831 3596 946 3642 eorum
968 3594 1037 3641 uno
1062 3575 1223 3663 reperisse

123 3677 253 3744 ridetur
267 3678 423 3746 Perseius
432 3679 608 3746 lectionem
620 3679 788 3757 rariorem,
803 3697 825 3742 a
840 3678 915 3743 solo
930 3677 1084 3745 charisio
1098 3693 1222 3743 memo·

122 3784 244 3860 ratum,
267 3797 293 3848 ι.
320 3781 402 3848 bd.
429 3780 589 3846 ‘turben'
611 3801 673 3865 pro
697 3779 839 3860 ‘trnbo,’
861 3781 918 3848 cui
938 3779 994 3848 ille
1019 3778 1097 3846 voci
1123 3777 1223 3845 claris

124 3881 232 3948 literis
257 3883 421 3968 apposnit
441 3881 602 3949 ‘trubem’
645 3881 735 3947 Illud
759 3888 872 3947 antem
898 3880 1050 3965 inprimis
1074 3878 1223 3946 animad-

124 3984 212 4050 verti
225 3984 339 4062 velim,
362 4004 461 4052 usum
474 4004 550 4051 esse
566 3984 738 4051 Perreinm
751 3982 896 4069 quodam
911 3981 1088 4050 Diomedis
1102 3980 1222 4047 Gram-

122 4084 244 4151 melici
273 4084 529 4166 Commentario,
559 4107 660 4173 quem
688 4086 724 4152 in
754 4083 1010 4168 subscriptione,
1037 4084 1222 4152 maximam

122 4192 253 4270 partem
266 4204 289 4251 a
300 4207 355 4252 me
369 4188 531 4267 resfituta,
546 4187 742 4271 simpliciter
754 4184 882 4263 lendat,
897 4186 933 4250 in
946 4183 1123 4270 Exocrplis
1135 4181 1222 4266 ipsis

123 4294 176 4354 tot
197 4307 277 4354 enm
297 4288 385 4357 locis
411 4290 696 4370 commemorarit,
718 4296 759 4356 ut
781 4287 882 4354 facile
906 4291 1080 4373 appareat,
1101 4283 1222 4352 librum

123 4390 259 4477 Min
272 4389 380 4458 inisse
393 4390 723 4458 animadversionum
748 4390 792 4456 nd
816 4389 892 4456 brec
915 4385 1044 4456 Tibulli
1065 4381 1222 4455 Carmim

125 4494 357 4576 spectantium
403 4493 570 4580 Exempla
583 4512 653 4560 non
678 4493 776 4578 longe
800 4487 981 4576 quaerenda
995 4492 1084 4556 sunt.
1127 4487 1221 4556 (lita-
