2760 5130
112 103 154 163 40
544 120 588 162 nn
615 118 777 163 'rruunno

1136 262 1160 278 '⁸¹

111 259 309 325 indicendo
333 260 404 334 vir,'
434 278 455 322 a
481 260 688 337 Quintiliano
717 264 837 325 diserte
866 262 1064 343 appellatur.
1122 262 1203 342 Ejus

113 362 259 445 oequales
274 359 403 438 Caesar,
429 361 623 440 Sallustius,
638 362 848 441 Cornificius,
862 384 1005 446 moxque
1019 364 1059 425 T.
1076 363 1204 425 Livius.

112 462 232 528 Po'etae
246 483 325 528 vero
337 462 528 542 Terentius,
536 462 701 544 Catullus,
713 465 886 548 Virgilius,
897 464 1072 542 Horatius,
1087 462 1204 526 Tibul-

111 565 175 640 lus,
191 563 391 650 Propertius
402 572 442 642 ,et
461 562 616 644 Ovidius,
637 564 751 643 diserti
774 565 911 650 quidem
932 565 1080 629 homines
1096 583 1137 628 ae
1152 582 1206 627 ve·

112 667 214 731 nnsti.

247 832 249 836 ·
286 814 389 898 casp.
405 812 561 880 Barthius
573 813 714 880 Adsere.
729 802 807 880 Irib.v
823 833 872 879 ιν.
889 835 967 900 oap.
981 815 1036 881 11.

62 949 63 953 ¹
159 963 204 1028 Et
218 965 293 1047 quis
306 963 420 1028 melior
433 962 561 1028 Tibulli
576 964 756 1048 expositor,
770 985 868 1049 quam
883 963 1062 1029 Tibullusl
1085 964 1142 1048 qui
1157 970 1208 1029 tot

115 1065 249 1131 saeonlis
262 1084 376 1149 parem
392 1083 458 1129 non
472 1064 596 1141 babuit,
612 1082 653 1128 ac
668 1084 710 1129 ne
725 1065 927 1130 imitatorem
941 1063 1087 1147 quidem,
1109 1084 1208 1148 quem

115 1185 198 1231 saue
225 1171 339 1231 nostra
364 1166 492 1231 saeoula
515 1165 649 1247 legantl
695 1165 738 1230 Et
762 1166 950 1248 srepissime
972 1165 1110 1229 miratus
1134 1183 1208 1229 sum

115 1266 181 1332 boc
195 1266 301 1331 fetum
317 1265 479 1331 Romanas
494 1264 629 1348 Elegiae,
653 1271 686 1330 et
709 1264 863 1332 floruisse
887 1273 923 1329 et
936 1264 1131 1330 defloruisse
1144 1283 1210 1329 una

116 1366 444 1433 aetate·Amatorinm
458 1369 530 1452 ejus
552 1367 727 1447 Venerem,
751 1374 911 1451 quantum
933 1366 1068 1449 quidem
1093 1366 1136 1431 ad
1149 1385 1210 1430 nos
1286 1443 1288 1448 Ι

116 1470 276 1552 pertinet:
296 1488 375 1533 nam
392 1468 563 1533 Martialis
577 1476 613 1533 et
635 1467 770 1552 Papinii
785 1472 895 1545 oetate,
912 1466 1004 1559 qnod
1019 1488 1064 1532 ex
1076 1468 1162 1552 ipsis
1176 1473 1212 1531 et

117 1569 227 1635 Plinio
243 1571 344 1635 etism
358 1569 381 1634 J
385 1570 499 1634 uuiore
514 1575 655 1648 onustat,
677 1571 759 1634 talia
782 1587 849 1633 non
872 1569 976 1653 pauci
996 1569 1210 1652 seripserunt.

116 1670 241 1735 Verum
256 1691 331 1737 cnm
346 1671 430 1756 ipsis
444 1671 509 1734 fere
523 1672 710 1736 nominibus
734 1677 768 1735 et
787 1671 823 1734 bi
845 1676 881 1735 et
895 1669 1066 1754 sequentis
1081 1669 1147 1736 oevi
1162 1670 1211 1733 in·

117 1773 281 1837 lerierunt.

397 1890 493 1956 Idem
509 1891 670 1975 Epidorp·
694 1891 768 1956 Lib.
784 1905 863 1954 vrri.
878 1891 932 1954 46.

181 2004 190 2032 Ι
299 2038 362 2103 ¹Ut
375 2041 465 2103 ebria
478 2041 609 2124 absque
625 2047 715 2125 roste
729 2038 851 2125 cypris
866 2040 1003 2117 incedit,

309 2138 395 2220 Eum
410 2139 544 2204 locutus
560 2148 613 2205 est
626 2139 781 2206 Tibullus
794 2142 829 2205 in
844 2160 976 2205 morem.

361 2320 456 2386 mem
471 2322 514 2386 sn
530 2322 614 2387 sut.
629 2289 722 2408 syn.
737 2324 814 2389 nro.
832 2339 855 2386 1.
871 2322 903 2386 ι.
917 2322 972 2387 ss.
1027 2368 1032 2377 .

164 2469 309 2536 Pulchre
321 2471 400 2535 talia
412 2478 632 2537 enarrentura
646 2473 852 2538 suavissimo
862 2475 896 2535 et
904 2464 976 2534 reri
991 2424 1077 2552 genii
1091 2466 1214 2547 Po‘e‘ta,

120 2568 254 2636 Tibullo
270 2570 345 2636 Lib.
360 2589 419 2636 ιιι.
434 2572 527 2655 Eleg.
541 2574 573 2636 4.
614 2640 615 2643 ,

173 2717 345 2783 Vincenzo
361 2717 509 2807 Grayina
523 2720 577 2785 nel
595 2721 750 2787 llisoorso
765 2721 848 2785 delle
864 2719 992 2785 Favole
1005 2718 1162 2784 Anticbe.
1246 2683 1250 2692 μ

162 2865 299 2931 Tibullo
324 2865 521 2949 epicoeni
545 2867 687 2950 saevite,
714 2870 750 2934 di
776 2871 898 2952 grania,
926 2870 960 2934 di
982 2875 1164 2947 teuerezna,
1179 2867 1216 2932 di

120 2967 291 3052 pusione,
306 2967 341 3032 di
355 2968 478 3051 punite,
497 2989 516 3033 e
531 2969 562 3035 d’
576 2970 746 3053 elegante,
762 2976 853 3036 tanto
871 2973 927 3036 uel
940 2989 1076 3036 numero
1090 2974 1219 3053 quanto

120 3069 206 3132 nelle
219 3067 345 3153 parole,
359 3069 594 3152 maravigliosa
613 3090 632 3135 e
648 3071 800 3154 perfetta.

416 3233 537 3303 Palma
548 3236 725 3303 Ioticbius
740 3236 925 3302 Secundus.

207 3376 302 3442 ’Μὴ
312 3379 347 3443 in
362 3375 530 3445 Aonidum
543 3384 664 3466 patria,
679 3385 850 3470 sylvisque
863 3386 974 3451 beatis

252 3477 390 3544 Periluit
402 3485 546 3547 atomus
557 3491 676 3551 saneto
692 3487 798 3552 vireta
807 3486 927 3570 liquor.
948 3496 958 3510 ·

209 3578 285 3644 lllie
299 3577 468 3662 bmidnas
484 3591 600 3648 ratum
611 3586 729 3653 chorus
741 3589 849 3652 omnis
863 3589 907 3652 ad
922 3586 1034 3652 undas

253 3679 346 3745 luter
359 3681 536 3747 odoratum
549 3683 634 3752 ludit
647 3695 802 3771 amatque
816 3707 941 3753 nemus.

210 3779 259 3844 At
273 3782 373 3864 myrti
384 3801 494 3848 meua
509 3785 600 3851 solus
613 3789 717 3870 gemit
730 3806 816 3852 unus
832 3790 995 3854 inumbra
1161 3871 1165 3879 ἡ

127 3888 132 3896 ’
253 3880 362 3958 Quem
376 3884 500 3949 nircum
514 3885 669 3970 horymis
684 3888 797 3955 omnia
810 3888 913 3973 plena
927 3889 1074 3954 madent.
1091 3894 1099 3899 “
1122 3888 1127 3894 ’
