2760 5130
415 672 653 721 sonnnrssnrs
678 673 966 745 snocrnsnnerr,
1169 663 1235 730 583

139 808 239 859 borium
257 809 439 873 imperatorem
455 820 542 863 natum
555 814 670 877 prodidit
707 829 831 879 nngsrnm
848 825 927 881 etqne
943 818 1099 882 ineptisrnm
1116 822 1234 871 exoletus

137 884 284 935 Suetonius.
312 887 395 937 Quam
406 888 510 952 quidem
521 899 615 954 togam,
625 891 669 940 lis·
708 893 810 956 quidem
831 894 905 942 lullus
926 893 1038 946 videtur.
1074 896 1236 959 Prseposteri

137 961 305 1023 aiolsrilieet,
317 963 441 1013 Umbrum
458 966 528 1016 iilum
540 981 611 1017 xvrr.
624 967 669 1017 de·
707 967 898 1028 homunciones,
907 982 965 1017 narn
976 984 1025 1032 qno
1038 971 1122 1033 potius
1132 973 1236 1021 nomine

133 1050 208 1086 mm
226 1039 311 1086 aetatis
331 1054 397 1089 enno
416 1043 563 1105 occepisse:
581 1045 669 1094 ‘Seeli
707 1043 816 1092 honeste
834 1044 896 1093 istos
913 1045 1052 1107 appellem,
1073 1045 1174 1109 dubito,
1193 1048 1238 1112 qni

138 1124 232 1174 nempe
256 1113 294 1160 soi
323 1128 418 1164 rnorem
445 1124 524 1180 etque
551 1119 669 1182 exempla
708 1121 881 1169 secretissime
892 1121 1114 1185 sacratissimaque
1123 1123 1168 1172 ille
1179 1124 1238 1173 Mn·

139 1195 285 1252 sequutum,
304 1189 406 1252 Virgilii
423 1192 550 1255 inprimis,
564 1195 669 1244 Donato
708 1208 792 1244 serum
803 1196 947 1258 penetralis
958 1198 1015 1244 unia
1031 1199 1144 1260 pnernlis
1153 1200 1239 1260 modo,

140 1271 170 1313 nt
183 1271 250 1313 teste
263 1265 373 1328 probare
384 1268 443 1316 est!
709 1270 749 1318 rel
761 1272 848 1319 nescio
860 1271 952 1335 qnibns
962 1271 997 1320 de
1014 1273 1091 1321 trivio
1105 1274 1240 1336 Megistel-

173 1338 290 1389 'l'smctsi
309 1341 342 1390 de
357 1344 445 1406 Lipsio
460 1359 519 1394 meo
535 1344 669 1395 didicerim
708 1345 740 1393 lis
763 1352 864 1408 petere,
883 1346 955 1394 credi
974 1348 1105 1409 postulant
1122 1349 1187 1397 sibi:
1211 1349 1240 1397 in

139 1430 233 1480 nuper,
244 1418 514 1483 legitimomtyrocinii
522 1422 589 1472 diem
599 1423 670 1486 apud
709 1433 815 1485 qnorum
836 1419 907 1469 aditu
928 1423 1101 1484 pertentando
1120 1423 1240 1486 gravissi-

139 1491 272 1542 iiomarros
288 1508 382 1544 ennom
406 1510 453 1548 xv.
471 1497 569 1558 fnisse3
591 1507 671 1563 etque
710 1510 763 1544 mos
788 1495 925 1558 quendem,
950 1499 1157 1563 mstirrrimaeque
1185 1506 1239 1548 tum

140 1568 236 1617 exinde
249 1578 400 1631 parectatos
418 1571 451 1621 de
468 1574 520 1622 ritu
540 1575 625 1637 prisco
645 1574 670 1622 in
711 1571 796 1619 estatis
809 1579 862 1620 tum
876 1573 1021 1634 prudentie
1033 1574 1102 1623 viros
1120 1589 1199 1639 seque
1211 1588 1241 1623 ac

136 1642 213 1692 ntro·
231 1658 264 1692 ex
284 1645 390 1707 spinellis
412 1647 506 1699 referri
533 1651 672 1714 occepisse
711 1661 770 1711 spes
789 1662 847 1695 snos
863 1649 1020 1713 corrupisse,
1035 1651 1110 1699 irrito
1126 1663 1196 1714 sepe
1213 1664 1241 1698 e·

140 1720 276 1783 primitus:
293 1734 673 1789 nequeqsrenqnamnntexrv.
706 1730 790 1772 ,ventu
810 1724 1005 1788 comprobatum
1023 1725 1144 1776 ridemus.
1176 1726 1241 1775 Pro·

142 1807 236 1843 atinum
249 1804 394 1846 vertentem
407 1798 451 1861 jus
467 1815 542 1862 porro
553 1802 672 1852 babuisse
711 1798 810 1860 pertint
821 1812 884 1863 ergo
893 1798 1140 1862 nouotidiomodtt,
1152 1815 1241 1850 verum

141 1869 276 1920 liberaeae
293 1886 365 1934 puros
383 1875 614 1926 vestissumendoe.
648 1877 672 1927 Α
711 1875 769 1938 ipso
779 1874 870 1936 etism,
886 1876 906 1924 si
918 1875 965 1923 Dis
975 1874 1071 1937 placet,
1082 1875 1185 1925 Tibullo
1197 1890 1241 1925 an·

142 1961 194 2011 qna
205 1956 291 1996 mente
302 1962 353 1997 non
365 1950 469 2000 nimium
480 1951 583 2002 diversa
598 1962 672 2002 vetus
713 1951 821 2014 tiqulor:
839 1965 948 2015 qnorsrm
959 1957 1096 2015 utrumqne
1107 1951 1200 2000 Hircio
1212 1967 1243 2002 se

142 2023 247 2074 Horatii
260 2025 463 2089 Commentator,
471 2029 514 2092 qui
526 2044 618 2094 pueros
629 2045 674 2078 no·
710 2028 797 2077 Pinea
808 2028 879 2077 Coss.
896 2037 994 2085 narrem,
1005 2041 1055 2076 nno
1066 2034 1128 2077 ante
1139 2028 1243 2077 Cicero·

142 2100 207 2150 biles
216 2109 346 2163 pretexts
355 2112 427 2152 veste
437 2105 485 2152 snb
495 2104 630 2169 disciplina
641 2107 673 2155 sd
712 2118 770 2152 nem
792 2104 914 2153 demtum
934 2117 1001 2152 enno
1028 2103 1140 2166 scilieet,
1163 2103 1243 2153 Urbis

142 2190 238 2227 annum
250 2191 329 2241 nsque
339 2177 466 2226 decimum
477 2180 593 2243 quintum
604 2195 674 2239 oses,
712 2194 773 2228 vero
784 2179 897 2228 condite
909 2191 1001 2228 bocar.
1012 2177 1076 2241 ipsis
1092 2177 1125 2227 de
1141 2192 1169 2227 se
1180 2178 1244 2227 sori·

143 2253 308 2315 apertissime
320 2255 444 2315 agnoscit.
472 2255 551 2317 Cujus
563 2255 675 2306 instituti
712 2255 833 2305 bentibus
849 2253 913 2304 fides
930 2253 1110 2316 communiter,
1127 2261 1155 2303 et
1171 2254 1244 2318 quassi

144 2329 271 2378 rationem
283 2329 449 2392 quamobrem
466 2332 588 2393 migrasse
599 2332 675 2380 Calli·
713 2331 866 2394 praeJudicio
878 2329 987 2394 quodam
1004 2329 1095 2379 irabits
1112 2343 1193 2395 nsque
1210 2331 1243 2378 ad

144 2407 261 2457 maehum
281 2408 352 2456 ilinm
370 2408 511 2456 Romanum
529 2408 675 2471 planissime
712 2407 773 2456 boc.
806 2405 900 2456 Aede
923 2405 1020 2454 Oridio
1043 2404 1246 2468 verumtatem,

144 2482 318 2546 persuaserim
331 2483 400 2545 milri,
409 2482 510 2533 faciunt
528 2484 607 2546 ipsios
619 2498 675 2533 ver·
713 2496 818 2546 eumpse
828 2482 946 2530 nimirum
955 2481 1245 2547 alteroQulnqustrinm

144 2556 675 2623 baanprasnobispositelrocexemplo:
713 2557 766 2621 die,
787 2557 830 2622 qni
851 2557 955 2622 quidem
982 2567 1070 2608 restes
1099 2567 1158 2624 post
1182 2559 1246 2609 ldna
1351 2556 1353 2560 '

148 2632 233 2686 ‘Tem
246 2635 294 2684 tibi
307 2649 390 2698 panca
400 2649 447 2683 sno
456 2633 489 2683 de
500 2634 614 2684 carmine
625 2634 677 2684 dio·
715 2634 825 2684 Mertlss
846 2643 1005 2694 numeratur,
1030 2633 1068 2682 uti
1091 2635 1209 2697 primitur
1230 2648 1247 2684 a

147 2716 188 2760 tat
198 2709 304 2774 Apollo,
316 2712 350 2760 Et
365 2718 436 2761 vetst
451 2706 539 2760 insano'
550 2711 626 2761 verba
639 2717 677 2760 to·
714 2725 730 2760 a
749 2710 839 2772 Lipsio
857 2718 942 2758 nostro
963 2709 1030 2756 ratio
1048 2707 1138 2757 istbseo
1155 2716 1248 2772 poteta

145 2786 292 2837 assessore!
714 2786 868 2835 eaemnssins
894 2784 1048 2844 rectissime,
1075 2784 1165 2834 ‘Dias
1187 2801 1247 2850 pro·

180 2862 345 2912 Pmbsbilins
362 2862 440 2924 enlm,
461 2870 491 2913 nt
510 2864 678 2927 Propertium
715 2862 821 2911 ductum
835 2862 861 2909 in
872 2858 1076 2911 luminisenrss!

146 2938 382 3001 septendeeennem
395 2940 472 2989 Genii
483 2949 562 3005 atque
581 2940 679 3000 ingenii
748 2941 791 2991 De
801 2940 902 2989 libello
916 2954 949 2988 ne
967 2938 1085 2999 inducar,
1101 2945 1248 3003 temporum

146 3014 325 3064 maturitatem
337 3015 369 3063 sd
382 3016 480 3078 Elegiae
498 3016 678 3080 scriptitando
716 3015 863 3066 observatio
870 3022 998 3078 repugnet
1008 3013 1163 3075 plenissime.
1181 3014 1248 3064 Nem

147 3089 262 3142 stedinns
281 3092 422 3141 contulisse
439 3093 584 3157 opinemur,
602 3107 680 3156 quem
716 3091 777 3156 qnid
788 3087 1034 3149 arnabonbsnrdios,
1045 3102 1122 3152 quem
1137 3089 1248 3139 enodem

149 3167 235 3219 utrix
245 3181 310 3231 pene
321 3168 399 3217 etism
412 3176 464 3218 tom
476 3168 610 3232 puberem,
621 3183 680 3218 nee·
716 3181 776 3216 cnm
791 3165 953 3217 Sulmonensi
973 3163 1017 3212 ilio
1032 3177 1128 3213 annom
1148 3164 1250 3213 Natali·

149 3242 211 3294 dem
224 3243 682 3308 peomsplaneenatisscilieetpre·
719 3242 782 3291 tium
801 3241 898 3294 Quiriti
916 3240 1046 3304 assignare
1063 3240 1124 3290 hnic
1141 3242 1249 3290 nostro?

149 3318 207 3369 neci
218 3318 324 3368 nimium
332 3334 363 3368 sc
375 3319 512 3369 temerario
521 3328 614 3370 oonato
623 3321 681 3370 Pe·
718 3332 794 3382 qraem
808 3316 898 3381 ntique
915 3331 948 3365 ex
961 3315 1045 3364 relstn
1057 3315 1156 3378 Elegiae
1168 3315 1249 3379 ipsius

149 3393 263 3457 meten
282 3395 352 3443 illam
365 3396 507 3444 relaturam
518 3397 681 3458 auspicatum
719 3411 770 3448 vir.
788 3397 950 3462 apertissime
970 3402 1071 3445 constet
1083 3395 1139 3458 jem
1157 3402 1211 3444 tom
1223 3396 1250 3446 in

150 3470 380 3537 comminiscamur,
403 3471 497 3520 ‘lessi
517 3470 579 3532 ritu,
601 3471 683 3521 vitreo
718 3487 748 3523 re
767 3473 889 3537 presenti
914 3473 1045 3521 oenistnnr
1063 3471 1158 3534 potins,
1174 3485 1251 3535 qrrem

151 3545 271 3594 datorsrm
292 3545 403 3593 Nomine
422 3545 529 3608 ponto?
546 3555 634 3612 atque,
653 3553 684 3597 nt
720 3549 832 3599 auritnm
851 3556 944 3598 testem
963 3546 1052 3610 titisse,
1070 3561 1121 3611 qne
1139 3539 1264 3612 tempes->

150 3634 211 3672 enm
231 3622 358 3671 Petronio
380 3621 475 3684 dicem,
494 3622 576 3672 crude
600 3623 684 3672 adbuc
717 3634 777 3677 tate
797 3626 837 3675 M.
858 3626 977 3675 Valerius
1004 3627 1137 3688 Messalla,
1157 3639 1252 3689 cogno·

150 3698 240 3748 stndia
251 3712 301 3747 non
314 3699 340 3746 in
352 3699 456 3759 Forum,
472 3700 517 3748 sed
529 3714 591 3749 vero
602 3701 628 3749 in
639 3716 684 3764 pe·
720 3709 809 3752 mento
831 3701 967 3760 Corvinus,
995 3700 1139 3766 Aquitanas
1162 3709 1253 3765 gentes

152 3774 280 3823 nitissims
298 3774 340 3822 ills
358 3775 507 3824 Callimachi
525 3790 557 3825 sc
572 3776 684 3826 Pisilete
721 3778 902 3829 Proconsulari
914 3784 1043 3842 potestate
1057 3777 1182 3841 preditus
1192 3776 1252 3825 snb·

151 3863 269 3911 nemora,
291 3851 420 3913 precipiti
442 3865 514 3914 sene,
535 3866 568 3901 ne
589 3854 685 3915 puerili
717 3856 841 3918 jugaret:
859 3855 927 3902 unde
942 3853 1095 3916 ‘l'riomplma
1104 3853 1190 3902 eidem
1201 3865 1253 3899 me·

153 3923 249 3990 dicam,
261 3926 361 3988 impetu
380 3926 475 3990 potins,
493 3942 570 3990 quam
584 3927 685 3990 jndicio
721 3929 774 3979 rito
785 3929 818 3977 de
829 3928 904 3978 vietis
915 3928 998 3978 (ieliis
1015 3929 1048 3977 sb
1065 3928 1182 3992 Augusto
1194 3941 1255 3992 qun·

154 4009 200 4051 sot
232 4003 330 4051 ratione
365 4003 498 4052 suffiritnm
530 4005 684 4066 propellere.
720 4002 1093 4069 qneCoessrecitralneidism
1104 4016 1252 4053 concessus.

155 4080 323 4133 Qtsidenimi
355 4082 442 4132 Aliter
457 4084 685 4134 ‘lieroesillisen
722 4082 847 4132 Aitenim
856 4080 1252 4144 Poitaipsnsdesemecmen-

154 4156 244 4207 Greci
254 4158 309 4206 sive
321 4158 420 4207 hrini’
432 4161 597 4223 vetustiores,
607 4167 686 4224 atqae
720 4160 788 4210 riter
798 4159 824 4207 in
835 4157 985 4221 gloriando:
1002 4157 1079 4209 ‘Non
1090 4157 1146 4207 sine
1158 4172 1199 4207 me
1210 4164 1253 4208 est

155 4247 203 4282 nos
215 4233 291 4283 bodie
302 4235 343 4283 vix
354 4233 467 4294 trioboli,
477 4235 530 4284 imo
544 4235 586 4284 ria
598 4235 686 4284 sensis·
722 4236 770 4286 tibi
787 4243 877 4298 pertas
895 4234 991 4282 bonos:
1007 4233 1127 4282 Tarbella
1145 4234 1251 4296 Pyrene

155 4312 192 4360 alr
203 4310 402 4372 versificatores,
411 4311 503 4375 quibus
515 4319 597 4361 totnm
609 4312 686 4375 istud,
721 4312 816 4372 Testis,
837 4316 864 4359 et
876 4308 976 4358 Oceani
985 4308 1075 4359 littore
1085 4308 1252 4358 Sanctoniei.⁸

155 4389 226 4453 qnod
246 4388 486 4451 poiiteri·voeemes
501 4389 687 4439 Scholastieon
756 4389 815 4439 Quo
831 4386 911 4435 etiarn
930 4385 1072 4448 pertinebit
1083 4391 1158 4432 retus
1170 4383 1214 4432 iila
1225 4390 1254 4435 et

74 4480 78 4491 ·
156 4462 246 4512 nescio
258 4463 330 4528 qnid,
341 4478 372 4513 ae
387 4463 464 4513 modo
481 4478 532 4514 non
549 4477 686 4528 puerornm
722 4462 828 4528 quidem
841 4461 934 4511 itsiiea
944 4460 1094 4525 Inscriptio,
1105 4460 1207 4510 'libello
1224 4472 1254 4510 so

158 4541 259 4602 nenia3
275 4554 358 4606 neqroe
377 4542 422 4604 poi
441 4541 512 4592 eund
528 4555 687 4606 sene,qnasa
724 4540 799 4592 nobis
817 4539 884 4589 band
904 4538 998 4602 injurie
1021 4549 1083 4588 sane
1102 4550 1120 4589 s
1136 4538 1254 4603 principe
