2760 5130
553 738 758 788 runurmo.
1161 731 1205 799 15

99 881 275 947 discedere
291 881 436 960 auderet,
451 881 542 945 sicut
558 881 677 948 llousa
691 890 725 949 et
740 884 935 966 Grusserns,
946 890 1065 975 reliqui
1076 891 1111 956 in
1124 912 1202 959 oon-

100 989 234 1050 textum
258 983 439 1049 intulerunt
464 1002 603 1068 murum
627 982 719 1050 illurn
745 988 1015 1055 emendetionenr.
1059 1009 1082 1059 ι.
1097 995 1131 1060 6.
1145 995 1201 1063 89.

100 1086 219 1151 ‘Tunc
243 1087 359 1171 procul
385 1088 517 1167 nbsitis,
536 1088 690 1173 quisquis
703 1090 786 1154 colit
800 1095 869 1154 arte
883 1090 1044 1174 capillos?
1087 1096 1200 1164 Probe

99 1188 337 1254 intellexerunt
350 1182 504 1254 Fditcres
514 1195 657 1268 veteres,
671 1189 760 1256 hanc
774 1209 850 1256 esse
865 1191 1018 1258 Ietinern
1032 1206 1202 1266 coustmc·

99 1282 367 1370 tionem.de
392 1291 647 1357 Broulrbusiusl
681 1292 798 1373 Ratio,
813 1293 934 1378 inquit,
949 1299 1201 1384 sermonispos·

99 1392 260 1472 tulat,nt‘
270 1391 370 1458 oolis’
384 1392 586 1458 scribamus:
602 1393 660 1458 sed
670 1392 738 1459 hoc
748 1395 848 1460 etalii
858 1396 1022 1463 viderunt.
1043 1392 1203 1468 credide-

99 1501 178 1560 runt
192 1495 294 1561 etism
309 1494 377 1559 ulii.
404 1493 476 1577 Fgo
490 1495 664 1576 pristinem
674 1497 870 1578 scripturam
877 1499 1023 1564 restitui.
1055 1501 1200 1570 rub-63.

100 1596 401 1681 ‘Concubitusque
412 1603 489 1663 tuos
500 1597 611 1662 furtim
625 1598 795 1683 vittasque
805 1601 979 1684 jacentes!
1028 1602 1118 1669 Haec
1132 1605 1201 1671 lec·

98 1703 159 1778 tio,
174 1719 289 1766 omnes
303 1701 453 1767 omniurn
466 1703 602 1768 aetatum
617 1699 862 1767 vicissitudines
882 1704 1038 1783 eluctata,
1064 1707 1200 1774 tandem

99 1801 219 1868 cedere
243 1801 342 1887 jussa
365 1809 420 1868 est
440 1803 643 1887 conjecture
666 1803 865 1870 Vossinnse:
901 1803 1200 1895 ‘Concubitusque

99 1904 195 1969 datos
216 1903 351 1971 furtim!
392 1903 459 1971 Cui
484 1905 706 1972 emendationi
730 1909 871 1990 primurn
885 1906 1001 1974 obstet
1016 1910 1135 1975 similis
1149 1911 1199 1976 lo-

99 2024 161 2070 cus
174 2020 201 2070 1.
213 2004 248 2071 8.
262 2006 317 2070 6⁰.
343 2009 451 2072 ‘nuno
461 2006 522 2075 leti
537 2007 627 2072 mille
640 2013 776 2092 repente
793 2002 881 2088 rte:
903 2009 1104 2094 depravatus
1118 2012 1199 2077 item

97 2108 185 2172 t'nlsu
197 2106 355 2187 lectione,
371 2110 477 2174 ‘nunc
491 2109 558 2174 leto
572 2108 677 2174 multa
688 2113 820 2193 repertu
832 2111 888 2176 via
898 2110 918 2192 ς’
933 2110 1054 2177 deinde
1066 2113 1201 2179 obstant

97 2228 176 2274 curn
191 2214 336 2277 veterum
359 2208 554 2276 Graecornm
569 2210 816 2293 exempla,tum
830 2210 1022 2278 recentioris
1037 2212 1200 2292 Graeculi,

98 2312 157 2397 qni
183 2311 409 2378 Anacreontis
430 2331 549 2377 nomen
572 2314 728 2391 ostentat,
748 2313 845 2378 locus
859 2310 970 2379 Garru.
986 2328 1132 2381 xxvnr.
1147 2314 1200 2380 le.

98 2413 215 2501 Ἐχέτω
237 2413 271 2495 δ’,
290 2411 363 2490 ὅπως
377 2412 473 2493 iusim,
501 2415 538 2478 Ti
553 2412 707 2491 Mbrlu'rros
720 2412 839 2503 σύνοφρυ
855 2417 1015 2503 Βλιφίιρων
1028 2413 1088 2481 ἴτυν
1101 2428 1200 2480 κελαι-

98 2515 154 2595 νῆν.
198 2515 256 2598 At,
287 2519 407 2602 inquit,
431 2518 550 2601 legitur
572 2518 621 2583 ibi
642 2516 746 2583 bodie
763 2517 911 2606 σόνοφρυν,
929 2527 965 2584 et
981 2518 1081 2585 locos
1105 2519 1200 2584 aliter
1286 2516 1288 2518 ’

96 2621 347 2705 iuterpnngltur.
392 2619 487 2700 Quid
513 2617 609 2685 tamt
625 2619 630 2630 '
646 2620 774 2685 Docuit
795 2640 848 2684 mc
868 2619 1033 2699 Tibullus,
1058 2617 1200 2684 Poetem

98 2723 196 2788 illum
211 2725 391 2808 scripsisse
405 2723 439 2787 'ri
454 2720 608 2798 λεληθότως
622 2720 756 2809 obsequ.
784 2722 966 2787 Enimvero
982 2718 1124 2787 Groecos
1133 2738 1200 2786 uon

98 2822 244 2889 imitatur
256 2822 424 2891 Tibullus.
469 2823 568 2889 Certe
581 2844 648 2890 uon
663 2822 911 2897 Anacreontem
920 2831 1084 2888 nostrum.
1129 2821 1199 2887 Re·

96 2921 212 3011 liquos
232 2943 299 2991 non
322 2927 423 2992 modo
444 2926 591 2992 imitatus
612 2926 738 3008 ubique
753 2931 814 3001 est,
836 2925 1066 2990 verumetiam
1080 2923 1200 2987 Latine

97 3027 265 3094 interdum
279 3030 449 3108 convertit,
463 3034 500 3095 ut
518 3028 708 3094 Homerum
724 3028 758 3092 in
774 3027 927 3092 Carmine
941 3025 985 3090 ad
1000 3024 1199 3089 Messalam.

142 3128 222 3197 lam
250 3132 310 3197 ubi
338 3133 580 3199 dissentiebant
608 3131 786 3196 Editioucs
810 3132 951 3204 veteres,
976 3124 1113 3210 praetuli
1131 3124 1200 3208 pri-

98 3251 202 3310 mum,
215 3239 253 3298 ut
267 3254 328 3318 par
350 3238 434 3313 erat,
448 3253 522 3298 eam
537 3233 726 3313 lectionem,
741 3251 841 3317 quem
856 3228 1069 3296 confirmaret
1081 3227 1200 3292 Tibul-

98 3336 154 3400 lus
165 3335 251 3418 ipse,
265 3356 299 3402 v.
315 3355 345 3401 c.
360 3351 400 3400 11.
412 3335 445 3402 3.
460 3335 515 3401 79.
529 3335 589 3400 ubi
602 3332 663 3399 Ed.
676 3334 754 3398 min.
771 3353 802 3398 a.
818 3331 915 3398 1472.
927 3349 1003 3396 cnm
1011 3328 1106 3395 libris
1115 3347 1200 3395 non·

97 3437 199 3501 nullis
213 3437 330 3503 babet:
354 3434 459 3503 ‘Non
479 3456 541 3520 ego
562 3455 615 3502 mc
637 3434 758 3501 vinclis
779 3433 1035 3517 verberibusque
1056 3428 1200 3515 negem:

97 3555 161 3620 pro
191 3538 320 3624 ‘nego’
374 3536 464 3605 Illud
492 3537 651 3616 Vossius,
673 3536 737 3602 hoc
767 3555 830 3620 ego
852 3533 1000 3620 reposui,
1027 3536 1200 3616 preeunte

98 3639 250 3721 Tibullo,
264 3657 288 3705 1.
302 3641 336 3708 o.
350 3642 405 3707 37.
428 3640 496 3706 ‘At
520 3639 603 3704 mihi
626 3637 822 3705 servandam
852 3634 984 3715 credas,
1012 3652 1078 3700 non
1105 3650 1200 3697 saera

97 3760 219 3809 recuso
247 3742 410 3825 Verbera,
432 3744 580 3810 detrecto
602 3762 668 3808 non
690 3761 752 3826 ego
776 3738 886 3807 vinclu
905 3733 1050 3823 pedum!
1093 3734 1200 3800 Porro

101 3860 158 3909 nr.
172 3844 204 3911 2.
217 3847 272 3912 27.
297 3847 403 3914 alters
424 3846 609 3913 editionum
629 3845 750 3911 classis
772 3840 939 3928 praetulit:
963 3837 1050 3904 ‘Sed
1072 3836 1200 3906 tristem

97 3949 216 4015 mortis
239 3944 443 4016 demonstret
464 3951 561 4015 litera
586 3964 721 4012 causam
733 3943 752 4007 ε’
773 3964 879 4029 eaque
895 3942 998 4009 lectio
1013 3939 1202 4006 dominatur

98 4046 306 4118 inmunibus
318 4053 539 4139 posteriorum
553 4054 690 4116 aetutum
705 4047 879 4132 exemplis.
924 4043 972 4109 At
991 4041 1096 4108 alters
1113 4038 1202 4104 cles-

98 4151 159 4231 sis,
187 4152 346 4237 originem
374 4152 502 4220 ducens
524 4172 546 4218 a
571 4150 673 4217 Rom.
697 4169 728 4216 u.
751 4148 848 4215 1475.
873 4144 908 4213 id
932 4149 997 4223 est,
1014 4142 1151 4208 Venett.
1167 4144 1202 4202 et

99 4250 198 4320 Brix.
212 4274 245 4322 a.
258 4255 355 4323 1486.
378 4275 455 4323 cnm
468 4252 716 4321 Commentario
731 4249 878 4336 Cyllenii
890 4247 1012 4314 babent
1038 4237 1201 4308 ‘ossum'

104 4346 180 4424 lloc
193 4376 256 4444 ego
270 4360 439 4438 revocavi,
454 4360 542 4424 duce
554 4354 692 4422 Tibullo
707 4370 732 4422 1.
746 4355 779 4420 9.
793 4353 847 4420 82.
869 4350 981 4416 ‘Fixa
994 4348 1086 4411 notet
1099 4359 1201 4408 cesus

99 4477 201 4527 aurea
212 4460 331 4548 palma
344 4459 460 4528 meos?
503 4457 635 4526 Deinde
652 4458 687 4523 in
708 4456 862 4523 dissensu
876 4452 990 4536 eliquo
1004 4444 1201 4512 Editionum

98 4566 246 4632 veterum
271 4566 378 4632 instor
406 4563 486 4631 mibi
512 4560 659 4629 omnium
680 4557 744 4625 tuit
773 4550 1002 4624 Consuetudo.
1048 4547 1128 4615 Huc
1151 4549 1201 4612 in·
