2760 5130
586 719 789 774 acassam.
1209 713 1233 777 9

135 860 309 925 cetiorern.
354 858 421 926 Sed
435 860 553 928 dehac
568 882 604 929 re
623 865 706 930 satis
720 866 762 930 ad
778 862 899 931 locum.
944 862 1013 930 Hic
1028 866 1105 932 mihi
1120 869 1231 951 potins

135 960 354 1027 memoranda
368 967 421 1028 est
444 964 617 1047 ingeniosa
638 966 701 1032 viri
724 965 899 1050 cujusdam
919 966 1009 1032 docti
1023 968 1066 1034 de
1080 974 1180 1035 aetate
1194 978 1232 1036 et

136 1063 354 1148 patriath’ns
371 1063 512 1128 Senecae
536 1065 737 1149 conjectura,
761 1066 894 1148 prodita
916 1065 951 1130 in
974 1066 1113 1152 Ephem.
1127 1069 1230 1139 Liter.

136 1160 300 1229 Academ.
314 1163 393 1231 Jen.
403 1165 457 1231 99.
467 1184 498 1230 a.
514 1167 607 1232 1777.
619 1165 824 1249 amplificata
837 1167 881 1231 ab
891 1165 1050 1232 Harlesio
1060 1168 1230 1253 Supplem.

136 1261 182 1327 ad
197 1263 348 1330 Brevior.
364 1265 473 1333 Notit
488 1267 626 1332 Literat
647 1267 747 1332 Rom.
762 1266 804 1333 P.
822 1284 848 1332 1.
873 1287 910 1351 p.
925 1268 1000 1333 ³47.
1023 1269 1081 1333 nbi
1096 1271 1231 1339 scribit:

136 1367 148 1398 ‘
161 1363 280 1430 Medio
293 1367 422 1432 saeculo
433 1382 497 1432 xv.
508 1369 619 1434 flomit
630 1367 767 1452 quidam
781 1368 929 1433 Thomas
941 1366 1073 1434 Seneca
1082 1368 1231 1450 Camers,

136 1485 206 1530 non
219 1467 352 1533 Latinis
367 1469 466 1534 modo
480 1470 656 1534 sedetiam
672 1469 850 1535 Hetruscis
862 1469 967 1535 literis
982 1471 1232 1537 commendatus

136 1573 171 1631 et
185 1566 310 1651 Poeta3
333 1569 430 1654 cujus
445 1571 567 1637 Latina
588 1570 751 1637 habentur
772 1573 855 1638 inter
870 1571 1027 1638 Carmina
1051 1573 1232 1639 Illustrium

137 1667 322 1736 Poiitarnm
351 1670 430 1737 Ital.
458 1672 605 1738 Floreat.
628 1672 725 1738 1771.
748 1673 846 1737 Tom.
861 1689 913 1737 rx.
939 1693 974 1757 p.
988 1674 1043 1740 89.
1097 1673 1146 1753 Is,
1171 1677 1232 1760 qni

137 1769 238 1850 AEsii,
261 1770 418 1852 Arimini,
447 1773 624 1852 Bononiae,
648 1779 684 1839 et
698 1774 875 1864 Florentiae
891 1775 1041 1854 docebat,
1063 1794 1132 1841 una
1152 1794 1232 1842 cnm

137 1869 292 1937 Porcello
307 1891 367 1937 sen
381 1872 548 1940 Porcellio
569 1877 624 1954 (de
638 1896 707 1960 quo
719 1877 842 1941 multus
855 1881 908 1941 est
921 1876 1034 1940 Zenns
1047 1877 1083 1940 in
1098 1876 1232 1942 Disser-

137 1972 262 2036 tazioui
291 1970 459 2039 Vossiane
481 1976 625 2040 'Pom-r.
648 1997 682 2060 p.
706 1974 863 2060 15-71.)
890 1976 1036 2042 studium
1064 1977 1231 2042 literarum

140 2071 345 2152 Graecarum,
374 2093 459 2158 quas
483 2076 669 2158 ignorabat,
698 2077 800 2142 stulto
830 2076 965 2160 sprevit.
1010 2075 1110 2155 Quod
1134 2077 1234 2159 igitur

137 2179 276 2259 uterque
288 2174 415 2240 homini
429 2175 550 2242 Latino
565 2175 694 2242 Graecis
714 2196 782 2242 non
804 2195 889 2260 opus
904 2195 978 2241 esse
990 2176 1096 2243 literis
1109 2180 1232 2242 temere

137 2275 361 2359 predicabat,
374 2276 475 2342 immo
490 2279 601 2361 potius
616 2278 696 2342 odio
711 2280 827 2361 iraque
841 2280 875 2343 in
890 2278 1061 2343 Basinium
1075 2276 1233 2344 Parmen-

137 2396 221 2456 sem,
231 2375 427 2443 Graecarum
440 2377 609 2443 literarum
618 2379 889 2457 amantissimum,
899 2377 1132 2456 inflammatus,
1142 2378 1231 2446 hane

140 2496 237 2542 omne
250 2484 395 2564 tempus,
417 2479 453 2543 in
465 2479 569 2545 literis
583 2480 716 2546 Graecis
731 2484 950 2557 consumtum,
972 2477 1105 2543 omnino
1119 2481 1232 2563 perdi·

139 2579 449 2646 dissociamitabat:
471 2580 647 2647 Basinium
656 2599 790 2663 gravem
802 2587 921 2646 nactus
934 2583 985 2643 est
996 2577 1233 2661 adversarium,

139 2680 197 2763 qni
211 2681 390 2764 quidemin
403 2680 492 2745 binis
503 2680 676 2763 Epistolis,
692 2683 795 2747 altera
804 2700 910 2766 prosa
922 2682 1069 2745 oratione
1083 2686 1232 2761 exarata,

138 2780 246 2846 altera
257 2781 404 2866 politica,
426 2784 546 2866 inqua
564 2783 728 2862 ostendit,
753 2783 879 2848 Polites
895 2781 1031 2847 latinos
1044 2782 1114 2848 sine
1127 2781 1234 2847 literis

138 2880 273 2948 Grecis
286 2882 366 2948 nihil
380 2900 497 2967 posse,
519 2887 636 2948 contra
652 2890 825 2968 utrumqne
839 2884 961 2967 stylum
974 2883 1075 2960 acuit,
1096 2883 1131 2945 in
1145 2889 1233 2948 utra-

138 3001 204 3069 que
217 2989 331 3048 autem
352 2982 506 3067 Epistola
518 2983 684 3051 Thomam
707 2982 872 3048 Senecam
896 2981 1084 3047 Camertem
1097 2983 1232 3046 nomine
1302 3047 1306 3052 .

139 3090 270 3150 tantum
291 3084 429 3149 Senecae
445 3085 640 3168 appellavit.
685 3082 757 3147 Hic
779 3082 878 3165 igitur
892 3082 1022 3146 Seneca
1034 3080 1145 3145 forsan
1158 3081 1232 3162 luit,

140 3188 200 3270 qni
218 3186 432 3270 interpolaret
453 3185 632 3263 libellum,
656 3183 843 3267 Virgilium,
865 3182 1017 3266 aliosque
1040 3181 1177 3264 Poetae,
1200 3189 1235 3252 et

140 3288 238 3372 cnjus
248 3305 371 3353 nomen
380 3287 616 3370 appingeretur
624 3285 778 3351 versibus
791 3283 1017 3369 interpolatis!
1061 3284 1234 3352 Hactenus

139 3388 209 3468 ille,
232 3407 309 3454 mea
331 3388 507 3467 sententia,
533 3388 614 3452 satis
628 3387 806 3469 ingeniose.
849 3386 979 3450 Tamen
993 3384 1168 3466 Senecam,
1192 3388 1233 3453 de

140 3490 338 3573 quoagitnr,
359 3490 462 3574 paulo
484 3488 642 3554 matndus
664 3488 817 3554 floruisse
839 3486 1046 3564 crediderim,
1068 3487 1233 3571 siqnidem
1289 3480 1294 3487 ’

140 3591 411 3674 interpolationes
424 3590 498 3674 ejus
507 3589 578 3673 Jam
593 3596 747 3655 notantur
758 3590 793 3652 in
802 3586 886 3653 cod.
896 3587 1003 3652 Paris.
1017 3588 1074 3672 qui
1088 3590 1233 3671 scriptus

140 3696 192 3756 est
206 3708 239 3757 a.
253 3692 352 3757 liae.
396 3691 440 3757 Et
452 3711 488 3756 re
503 3701 585 3757 vera
597 3691 653 3756 ille
662 3690 735 3774 jam
749 3710 780 3755 a
793 3690 889 3755 1420.
910 3689 947 3752 in
959 3707 1081 3771 magna
1094 3688 1236 3772 celebri-¹

140 3799 214 3856 tate
227 3793 316 3859 vixit
329 3791 493 3872 Anconae,
512 3794 681 3870 referente,
705 3798 742 3858 nt
753 3810 841 3857 nunc
854 3791 964 3874 ipsum
977 3789 1087 3869 video,
1100 3789 1234 3874 Angelo

141 3893 322 3979 Bataglini,
349 3897 407 3980 qui
429 3897 535 3960 vitam
557 3895 623 3958 viri
647 3892 896 3959 accuratissime
919 3892 1121 3977 perscripsit,
1144 3891 1234 3978 apud

141 3995 317 4062 Basininm
339 3996 433 4081 Opp.
448 3997 546 4061 Tom.
562 4013 600 4060 rr.
624 4017 657 4080 p.
672 3996 727 4060 91.
771 3995 826 4059 Ex
840 4013 908 4078 quo
922 4013 1033 4058 rursus
1054 3994 1235 4079 consequi-

13 4146 15 4150 >
140 4101 206 4175 1111,
216 4117 276 4163 eos
288 4096 406 4175 libros,
422 4098 480 4181 qui
493 4116 554 4181 pro
568 4097 723 4163 versibus
738 4097 875 4160 Senecas
889 4095 1027 4161 lacunas
1040 4095 1176 4172 habent,
1196 4096 1235 4159 111

139 4199 218 4264 libri
229 4199 368 4284 quidam
383 4197 507 4264 Mureti
524 4216 546 4263 1.
561 4199 593 4265 7.
608 4199 663 4278 75,
679 4198 732 4263 96.
740 4196 797 4262 ed.
812 4196 915 4262 Voss.
939 4198 1143 4282 antiquiores
1157 4212 1235 4259 esse

140 4300 334 4380 Parisiensi,
357 4306 444 4366 certe
467 4319 512 4365 ex
535 4301 725 4385 antiquiore
740 4298 857 4363 codice
882 4296 1011 4376 ductos,
1033 4303 1073 4362 111
1084 4294 1233 4362 Vindob.

141 4410 177 4469 et
191 4402 290 4468 Bern.
334 4401 403 4467 Sed
424 4401 470 4482 hi,
489 4420 615 4480 vereor,
631 4420 681 4465 ne
700 4398 880 4465 admodum
899 4399 967 4462 sint
980 4397 1092 4482 pauci.
1136 4395 1233 4466 Certe

143 4504 306 4588 eaointer
327 4523 399 4584 eos,
422 4504 544 4600 quibus
567 4502 727 4596 temporie
748 4504 829 4569 nota
853 4499 1001 4589 ascripta
1021 4505 1082 4582 est,
1106 4500 1235 4569 nullum
