2760 5130
147 731 170 797 6
502 746 644 796 rania.
667 747 700 795 s.
723 743 907 797 nuscum

151 890 283 957 undem
323 890 496 975 revocavit
527 890 675 976 ‘picea'
711 911 801 959 nuuc
830 889 964 978 quidem
992 891 1128 961 laudato
1156 889 1254 961 libro.

151 990 276 1072 Quanti
305 997 417 1072 autem
441 993 543 1076 pretii
569 992 690 1059 Codex
719 993 778 1060 ille
803 991 913 1071 fuerit,
936 992 1013 1059 inde
1038 993 1254 1078 potissimum

152 1093 303 1172 efficitur,
326 1092 419 1178 quod
443 1092 570 1160 Editori
593 1093 697 1161 veteri
716 1092 883 1171 lectiones
905 1094 1145 1180 suppeditavit,
1168 1115 1255 1181 quas

149 1195 347 1280 posterioris
362 1194 495 1261 demum
506 1197 572 1263 aevi
587 1197 788 1281 Interpretes
800 1194 1037 1267 intellexerunt
1046 1197 1144 1262 unice
1156 1216 1254 1263 veras

150 1317 236 1376 esse,
259 1303 295 1371 ut
318 1315 342 1361 1.
363 1299 395 1377 5.
419 1299 450 1364 5.
482 1299 611 1363 ‘libeat
631 1316 674 1363 ue
698 1297 807 1364 dicere
831 1298 1012 1382 quicquam
1035 1296 1255 1382 Magnificum

149 1400 315 1488 posthac,'
336 1421 400 1485 pro
428 1401 558 1468 ‘liceat
583 1400 645 1467 ne’
675 1401 729 1468 vel
758 1398 868 1467 ‘nec'
904 1399 957 1464 Ib.
987 1417 1021 1462 v.
1046 1399 1099 1466 16.
1136 1399 1255 1467 ‘Vota

148 1523 270 1570 novem
281 1501 405 1568 Triviae
420 1507 519 1568 nocte
534 1502 651 1569 silente
671 1500 773 1567 dedi!
818 1500 898 1580 Quo
917 1501 995 1567 loco
1016 1501 1157 1584 reliquae
1173 1502 1254 1568 Edi·

150 1605 259 1670 tiones
286 1601 332 1668 ad
361 1603 610 1685 Scaligerauam
630 1623 740 1687 usque
767 1601 938 1668 ‘Veneri'
968 1601 1138 1681 exhibent,
1163 1601 1255 1689 quod

154 1711 280 1790 postea
291 1712 513 1790 reposuerunt
526 1705 727 1772 Gebhardus
741 1712 788 1783 et,
808 1724 827 1770 e
849 1724 912 1770 sao
925 1704 1056 1782 codice,
1070 1702 1255 1770 Grusserus

158 1807 309 1890 Lugda.
324 1808 421 1875 16117.
460 1825 485 1872 1.
500 1810 533 1873 7.
547 1808 603 1873 42.
639 1805 772 1872 ‘Crura
786 1807 866 1872 licet
878 1807 963 1871 dura
977 1805 1139 1889 compede
1155 1807 1255 1890 pulsa

155 1909 297 1987 sonent,’
320 1929 384 1994 pro
405 1908 593 1993 ‘cuspide'
637 1908 920 1976 andernaco.
952 1907 1037 1973 ‘Sic
1059 1908 1174 1973 venies
1195 1907 1255 1974 ho·

152 2009 288 2090 diurne:
310 2017 344 2076 et
367 2029 408 2078 11.
427 2013 463 2097 v5.
479 2011 511 2077 8.
534 2016 647 2078 ‘nunc
672 2010 772 2076 indue
794 2017 923 2075 vestem
949 2009 1169 2094 Sepositam,'
1190 2030 1255 2094 pro

153 2111 402 2197 ‘Depositam’
446 2111 582 2191 Quibus
609 2112 698 2178 locis
727 2111 881 2177 omnibus
909 2110 1052 2195 aliisque
1078 2112 1254 2197 permultis

153 2214 228 2283 haec
253 2213 369 2281 Editio
395 2213 568 2298 discrepat
596 2215 640 2279 ab
668 2212 824 2280 Edidone
855 2213 934 2298 maj.
964 2233 997 2280 a.
1021 2213 1117 2279 1472.
1151 2232 1255 2297 quam

153 2314 321 2382 Venetam
336 2316 465 2395 dicunt,
489 2321 523 2381 et
543 2315 647 2400 hujus
669 2316 789 2382 saeculi
804 2315 954 2399 reliquis.
997 2313 1092 2380 Num
1112 2314 1212 2381 etiam
1234 2336 1257 2382 a

153 2417 341 2489 Piuelliaua
352 2424 388 2485 et
403 2418 656 2484 Bartoliniauot
680 2417 759 2483 Hoc
771 2417 881 2483 adhuc
895 2417 1024 2500 ignoro.
1056 2416 1146 2481 Nam
1161 2416 1255 2501 quod

152 2526 359 2604 putaveram,
388 2518 594 2599 Morcllinm,
622 2520 682 2604 qui
706 2519 780 2585 haec
804 2518 870 2586 duo
899 2517 1058 2603 exempla
1082 2519 1255 2584 rarissima

153 2621 333 2706 descripsit
346 2621 380 2687 in
402 2621 562 2706 Epistola
583 2621 627 2687 ad
651 2622 911 2687 Nobilissimum
934 2618 1121 2687 Antonium
1139 2619 1255 2689 comi·

155 2730 223 2788 tem
236 2722 412 2802 Bartolini,
427 2722 543 2789 eadem
558 2725 659 2790 etiam
682 2723 864 2790 contulisse
884 2743 961 2789 cnm
983 2723 1061 2790 eliis
1075 2729 1110 2788 et
1122 2743 1255 2790 omnem

154 2824 308 2893 lectionis
338 2825 563 2891 diversitatem
591 2830 762 2902 enotasse,
798 2823 879 2890 fecit
918 2843 973 2888 me
999 2824 1178 2891 certiorem
1207 2825 1256 2891 vir

154 2926 411 3006 eruditissimus,
440 2947 478 2992 so
499 2928 580 2994 nihil
607 2926 798 2993 servarein
825 2924 1047 3006 Adversariis,
1074 2927 1168 3012 quod
1190 2944 1256 2993 non

152 3027 356 3111 prodidisset
367 3030 402 3092 in
417 3025 583 3112 Epistola.
628 3028 670 3093 ln
690 3026 755 3094 bac
776 3031 890 3094 autem
911 3025 955 3093 de
976 3028 1121 3094 lectione
1141 3027 1256 3095 Pinal·

152 3129 237 3202 liaui
258 3129 418 3213 exempli,
439 3131 530 3214 quod
550 3131 748 3197 translatum
772 3134 827 3196 est
854 3131 889 3196 in
917 3128 1086 3216 Angliam,
1116 3150 1254 3216 prorsus

152 3248 220 3296 non
234 3231 352 3313 agitur,
368 3249 388 3294 e
402 3230 633 3295 Bartoliniano
654 3230 815 3296 nonnulla
835 3231 913 3298 loca
934 3230 1104 3314 descripta
1125 3237 1214 3311 sunt,
1235 3253 1256 3298 a

153 3329 276 3416 quibus
299 3335 451 3416 apparet,
475 3329 540 3396 boc
565 3330 601 3397 in
623 3331 816 3398 universnm
836 3331 943 3416 magis
965 3333 1155 3416 conspirare
1176 3353 1255 3401 curn

154 3432 220 3500 Ed.
242 3435 322 3499 min.
345 3453 376 3498 11.
400 3433 498 3500 1472.
532 3432 574 3497 de
598 3453 667 3519 qua
691 3453 793 3517 snpra
819 3433 905 3513 dixi,
930 3453 969 3510 v.
990 3454 1019 3500 c.
1048 3434 1084 3499 in
1110 3434 1256 3502 lectione

156 3533 297 3602 ‘tentet'
323 3540 359 3600 et
379 3534 541 3601 ‘reseret’
560 3535 773 3614 1.2.17,18.
795 3553 958 3619 expressa
972 3555 994 3601 a
1008 3535 1130 3614 Balbo,
1153 3555 1255 3620 qnam

155 3658 231 3705 cnm
260 3636 325 3703 Ed.
351 3637 430 3721 maj.
461 3655 493 3700 a.
521 3636 619 3702 1472.
663 3634 725 3701 Μο
749 3640 862 3700 autem
884 3635 1038 3720 inprimis
1067 3634 1255 3704 adverterat

154 3739 250 3817 illud,
269 3738 360 3824 qnod
386 3737 504 3804 scribit
524 3736 702 3805 Morcllius
723 3757 757 3822 p.
779 3753 846 3802 vrr.
869 3736 948 3803 hnic
974 3736 1135 3818 Editioni‚
1156 3739 1255 3824 cujus

154 3841 264 3908 adhuc
277 3860 346 3906 non
361 3839 429 3906 nisi
443 3859 544 3905 unum
554 3838 743 3921 exemplum
756 3846 920 3922 repertum
930 3845 981 3904 est
994 3839 1029 3904 in
1043 3840 1256 3908 Bibliotheca

157 3943 395 4022 Bartoliniana,
409 3943 519 4007 inesse
532 3942 694 4006 lectiones
714 3941 918 4025 probabiles,
932 3943 965 4007 in
978 3942 1071 4008 nulla
1083 3943 1153 4008 elia
1166 3945 1254 4028 ejus-

155 4045 231 4112 dem
257 4046 323 4111 aevi
350 4044 502 4111 Editione
528 4050 770 4127 comparentes,
793 4044 860 4108 nisi
882 4043 967 4109 forta
991 4043 1028 4108 in
1053 4043 1254 4124 Pinelliana,

154 4168 256 4233 quam
270 4153 341 4212 tum
354 4167 422 4213 uon
436 4147 582 4231 amplius
598 4147 641 4210 ob
655 4146 776 4211 oculos
790 4146 943 4212 habebat.

200 4251 290 4317 Haec
307 4250 370 4316 trin
384 4250 538 4333 exempla
560 4258 670 4314 utrum
696 4256 773 4314 ante
797 4248 983 4314 Editioncm
1004 4267 1035 4314 a.
1055 4247 1153 4315 1472.
1176 4268 1254 4332 quae

156 4354 256 4435 vulgo
271 4353 429 4436 princeps
444 4352 633 4417 hebetaret
648 4350 799 4416 Venetiis
817 4350 981 4435 prodiisse
996 4350 1110 4429 fertur,
1122 4370 1165 4416 an
1176 4355 1254 4433 post

156 4473 231 4518 earn
254 4474 382 4520 excusa
402 4455 481 4533 sint,
501 4456 566 4519 etsi
588 4455 631 4520 ad
656 4455 817 4539 liquidum
843 4452 1028 4537 perdocere
1050 4473 1117 4517 non
1143 4451 1255 4534 potuit

157 4554 345 4635 Morcllius,
371 4579 433 4640 ego
457 4563 568 4623 tamen
593 4559 627 4624 in
650 4580 723 4624 eam
746 4557 948 4623 sententiam
975 4557 1109 4633 inclino,
1132 4559 1167 4620 ut
1195 4553 1255 4623 ille
