<?xml version="1.0" encoding="UTF-8"?>
<!DOCTYPE html PUBLIC "-//W3C//DTD XHTML 1.0 Transitional//EN"
    "http://www.w3.org/TR/xhtml1/DTD/xhtml1-transitional.dtd">
<html xmlns="http://www.w3.org/1999/xhtml" xml:lang="en" lang="en">
 <head>
  <title>
</title>
<meta http-equiv="Content-Type" content="text/html;charset=utf-8" />
  <meta name='ocr-system' content='tesseract 3.04.00' />
  <meta name='ocr-capabilities' content='ocr_page ocr_carea ocr_par ocr_line ocrx_word'/>
</head>
<body>
  <div class='ocr_page' id='page_1' title='image "./operaomniaexedi00tibugoog/operaomniaexedi00tibugoog_0056.png"; bbox 0 0 2760 5130; ppageno 0'>
   <div class='ocr_carea' id='block_1_1' title="bbox 664 441 670 450">
    <p class='ocr_par' dir='ltr' id='par_1_1' title="bbox 664 441 670 450">
     <span class='ocr_line' id='line_1_1' title="bbox 664 441 670 450; baseline 0 0"><span class='ocrx_word' id='word_1_1' title='bbox 664 441 670 450; x_wconf 72' lang='grc' dir='ltr'>ι</span> 
     </span>
    </p>
   </div>
   <div class='ocr_carea' id='block_1_2' title="bbox 415 717 1209 796">
    <p class='ocr_par' dir='ltr' id='par_1_2' title="bbox 415 717 1209 796">
     <span class='ocr_line' id='line_1_2' title="bbox 415 717 1209 796; baseline 0.005 -4"><span class='ocrx_word' id='word_1_2' title='bbox 415 717 649 794; x_wconf 78' lang='lat' dir='ltr'><strong>rnsrrrronrn</strong></span> <span class='ocrx_word' id='word_1_3' title='bbox 676 746 722 793; x_wconf 83' lang='lat' dir='ltr'><strong>ur</strong></span> <span class='ocrx_word' id='word_1_4' title='bbox 743 746 909 794; x_wconf 70' lang='lat' dir='ltr'><strong>suntote.</strong></span> <span class='ocrx_word' id='word_1_5' title='bbox 1148 734 1209 796; x_wconf 58' lang='grc'><strong>43</strong></span> 
     </span>
    </p>
   </div>
   <div class='ocr_carea' id='block_1_3' title="bbox 111 886 1208 1075">
    <p class='ocr_par' dir='ltr' id='par_1_3' title="bbox 111 886 1208 1075">
     <span class='ocr_line' id='line_1_3' title="bbox 113 886 1208 972; baseline 0.004 -19"><span class='ocrx_word' id='word_1_6' title='bbox 113 890 170 971; x_wconf 93' lang='lat' dir='ltr'><strong>qui</strong></span> <span class='ocrx_word' id='word_1_7' title='bbox 192 887 266 971; x_wconf 89' lang='lat' dir='ltr'><strong>ejus</strong></span> <span class='ocrx_word' id='word_1_8' title='bbox 288 886 404 951; x_wconf 80' lang='lat' dir='ltr'><strong>Poiitae</strong></span> <span class='ocrx_word' id='word_1_9' title='bbox 426 906 565 953; x_wconf 86' lang='lat' dir='ltr'><strong>veneres</strong></span> <span class='ocrx_word' id='word_1_10' title='bbox 590 895 623 954; x_wconf 92' lang='lat' dir='ltr'><strong>et</strong></span> <span class='ocrx_word' id='word_1_11' title='bbox 642 889 772 972; x_wconf 89' lang='lat' dir='ltr'><strong>lepores</strong></span> <span class='ocrx_word' id='word_1_12' title='bbox 796 909 909 956; x_wconf 90' lang='lat' dir='ltr'><strong>omnes</strong></span> <span class='ocrx_word' id='word_1_13' title='bbox 934 891 1124 957; x_wconf 87' lang='lat' dir='ltr'><strong>felicissime</strong></span> <span class='ocrx_word' id='word_1_14' title='bbox 1150 913 1208 957; x_wconf 83' lang='lat' dir='ltr'><strong>ex-</strong></span> 
     </span>
     <span class='ocr_line' id='line_1_4' title="bbox 111 989 276 1075; baseline -0.024 -19"><span class='ocrx_word' id='word_1_15' title='bbox 111 989 276 1075; x_wconf 83' lang='lat' dir='ltr'><strong>pressisti.</strong></span> 
     </span>
    </p>
   </div>
   <div class='ocr_carea' id='block_1_4' title="bbox 341 1074 976 1305">
    <p class='ocr_par' dir='ltr' id='par_1_4' title="bbox 341 1074 976 1305">
     <span class='ocr_line' id='line_1_5' title="bbox 341 1074 976 1204; baseline 0.003 -20"><span class='ocrx_word' id='word_1_16' title='bbox 341 1120 532 1204; x_wconf 77' lang='lat' dir='ltr'><strong>Stephanus</strong></span> <span class='ocrx_word' id='word_1_17' title='bbox 548 1121 754 1186; x_wconf 79' lang='lat' dir='ltr'><strong>Paschasius</strong></span> <span class='ocrx_word' id='word_1_18' title='bbox 769 1122 869 1187; x_wconf 88' lang='lat' dir='ltr'><strong>Libro</strong></span> <span class='ocrx_word' id='word_1_19' title='bbox 884 1074 976 1188; x_wconf 86' lang='lat' dir='ltr'><strong>Icon.</strong></span> 
     </span>
     <span class='ocr_line' id='line_1_6' title="bbox 570 1222 751 1305; baseline 0.011 -20"><span class='ocrx_word' id='word_1_20' title='bbox 570 1222 682 1305; x_wconf 84' lang='lat' dir='ltr'><strong>Epigr.</strong></span> <span class='ocrx_word' id='word_1_21' title='bbox 696 1223 751 1288; x_wconf 88' lang='lat'><strong>91.</strong></span> 
     </span>
    </p>
   </div>
   <div class='ocr_carea' id='block_1_5' title="bbox 199 1355 1062 1536">
    <p class='ocr_par' dir='ltr' id='par_1_5' title="bbox 199 1355 1062 1536">
     <span class='ocr_line' id='line_1_7' title="bbox 199 1355 1062 1455; baseline -0.001 -32"><span class='ocrx_word' id='word_1_22' title='bbox 199 1357 382 1423; x_wconf 84' lang='lat' dir='ltr'><strong>Pervolvas</strong></span> <span class='ocrx_word' id='word_1_23' title='bbox 395 1355 541 1455; x_wconf 83' lang='lat' dir='ltr'><strong>reliquos</strong></span> <span class='ocrx_word' id='word_1_24' title='bbox 556 1363 653 1422; x_wconf 86' lang='lat' dir='ltr'><strong>vates</strong></span> <span class='ocrx_word' id='word_1_25' title='bbox 667 1377 753 1441; x_wconf 91' lang='lat' dir='ltr'><strong>quos</strong></span> <span class='ocrx_word' id='word_1_26' title='bbox 768 1356 881 1422; x_wconf 81' lang='lat' dir='ltr'><strong>Roma</strong></span> <span class='ocrx_word' id='word_1_27' title='bbox 894 1358 994 1438; x_wconf 83' lang='lat' dir='ltr'><strong>tulit3</strong></span> <span class='ocrx_word' id='word_1_28' title='bbox 1015 1359 1062 1424; x_wconf 90' lang='lat' dir='ltr'><strong>nil</strong></span> 
     </span>
     <span class='ocr_line' id='line_1_8' title="bbox 237 1457 965 1536; baseline -0.003 -14"><span class='ocrx_word' id='word_1_29' title='bbox 237 1458 377 1522; x_wconf 91' lang='lat' dir='ltr'><strong>Tersius</strong></span> <span class='ocrx_word' id='word_1_30' title='bbox 392 1462 445 1520; x_wconf 92' lang='lat' dir='ltr'><strong>est</strong></span> <span class='ocrx_word' id='word_1_31' title='bbox 458 1457 611 1536; x_wconf 82' lang='lat' dir='ltr'><strong>numeris,</strong></span> <span class='ocrx_word' id='word_1_32' title='bbox 627 1457 715 1522; x_wconf 89' lang='lat' dir='ltr'><strong>culte</strong></span> <span class='ocrx_word' id='word_1_33' title='bbox 730 1457 876 1535; x_wconf 88' lang='lat' dir='ltr'><strong>Tibulle,</strong></span> <span class='ocrx_word' id='word_1_34' title='bbox 891 1459 965 1522; x_wconf 91' lang='lat' dir='ltr'><strong>tuis.</strong></span> 
     </span>
    </p>
   </div>
   <div class='ocr_carea' id='block_1_6' title="bbox 326 1620 990 1698">
    <p class='ocr_par' dir='ltr' id='par_1_6' title="bbox 326 1620 990 1698">
     <span class='ocr_line' id='line_1_9' title="bbox 326 1620 990 1698; baseline -0.005 -10"><span class='ocrx_word' id='word_1_35' title='bbox 326 1621 448 1698; x_wconf 85' lang='lat' dir='ltr'><strong>Daniel</strong></span> <span class='ocrx_word' id='word_1_36' title='bbox 462 1620 624 1687; x_wconf 78' lang='lat' dir='ltr'>Heinsius</span> <span class='ocrx_word' id='word_1_37' title='bbox 639 1622 777 1688; x_wconf 72' lang='lat' dir='ltr'><strong>Praefat.</strong></span> <span class='ocrx_word' id='word_1_38' title='bbox 792 1622 990 1688; x_wconf 87' lang='lat' dir='ltr'><strong>Monobibli.</strong></span> 
     </span>
    </p>
   </div>
   <div class='ocr_carea' id='block_1_7' title="bbox 109 1743 1206 2528">
    <p class='ocr_par' dir='ltr' id='par_1_7' title="bbox 109 1743 1206 2528">
     <span class='ocr_line' id='line_1_10' title="bbox 155 1743 1204 1840; baseline 0.001 -19"><span class='ocrx_word' id='word_1_39' title='bbox 155 1757 371 1821; x_wconf 82' lang='lat' dir='ltr'><strong>Liberrimum</strong></span> <span class='ocrx_word' id='word_1_40' title='bbox 395 1743 502 1839; x_wconf 86' lang='lat' dir='ltr'><strong>primo</strong></span> <span class='ocrx_word' id='word_1_41' title='bbox 524 1753 691 1818; x_wconf 90' lang='lat' dir='ltr'><strong>scribendi</strong></span> <span class='ocrx_word' id='word_1_42' title='bbox 716 1770 821 1836; x_wconf 84' lang='lat' dir='ltr'><strong>genus</strong></span> <span class='ocrx_word' id='word_1_43' title='bbox 851 1754 970 1837; x_wconf 86' lang='lat' dir='ltr'><strong>Elegia</strong></span> <span class='ocrx_word' id='word_1_44' title='bbox 998 1754 1074 1833; x_wconf 79' lang='lat' dir='ltr'><strong>tuit,</strong></span> <span class='ocrx_word' id='word_1_45' title='bbox 1104 1776 1204 1840; x_wconf 91' lang='lat' dir='ltr'><strong>quam</strong></span> 
     </span>
     <span class='ocr_line' id='line_1_11' title="bbox 111 1854 1205 1936; baseline 0.001 -14"><span class='ocrx_word' id='word_1_46' title='bbox 111 1858 358 1922; x_wconf 79' lang='lat' dir='ltr'><strong>delicatissimis</strong></span> <span class='ocrx_word' id='word_1_47' title='bbox 372 1856 549 1921; x_wconf 88' lang='lat' dir='ltr'><strong>induerunt</strong></span> <span class='ocrx_word' id='word_1_48' title='bbox 570 1854 682 1920; x_wconf 81' lang='lat' dir='ltr'><strong>Groeci</strong></span> <span class='ocrx_word' id='word_1_49' title='bbox 704 1857 860 1920; x_wconf 85' lang='lat' dir='ltr'><strong>numeris.</strong></span> <span class='ocrx_word' id='word_1_50' title='bbox 904 1855 1013 1934; x_wconf 83' lang='lat' dir='ltr'><strong>Quos,</strong></span> <span class='ocrx_word' id='word_1_51' title='bbox 1040 1876 1115 1922; x_wconf 93' lang='lat' dir='ltr'><strong>cum</strong></span> <span class='ocrx_word' id='word_1_52' title='bbox 1135 1859 1205 1936; x_wconf 85' lang='lat' dir='ltr'><strong>alii,</strong></span> 
     </span>
     <span class='ocr_line' id='line_1_12' title="bbox 110 1955 1204 2049; baseline 0.001 -26"><span class='ocrx_word' id='word_1_53' title='bbox 110 1964 179 2023; x_wconf 91' lang='lat' dir='ltr'><strong>tum</strong></span> <span class='ocrx_word' id='word_1_54' title='bbox 204 1958 260 2023; x_wconf 85' lang='lat' dir='ltr'><strong>vel</strong></span> <span class='ocrx_word' id='word_1_55' title='bbox 286 1959 432 2022; x_wconf 85' lang='lat' dir='ltr'><strong>maxime</strong></span> <span class='ocrx_word' id='word_1_56' title='bbox 460 1957 652 2049; x_wconf 85' lang='lat' dir='ltr'><strong>ingeniosus</strong></span> <span class='ocrx_word' id='word_1_57' title='bbox 683 1955 780 2021; x_wconf 90' lang='lat' dir='ltr'><strong>Naso</strong></span> <span class='ocrx_word' id='word_1_58' title='bbox 808 1957 1016 2021; x_wconf 82' lang='lat' dir='ltr'><strong>immutavit:</strong></span> <span class='ocrx_word' id='word_1_59' title='bbox 1039 1960 1097 2041; x_wconf 91' lang='lat' dir='ltr'><strong>qui</strong></span> <span class='ocrx_word' id='word_1_60' title='bbox 1126 1979 1204 2024; x_wconf 92' lang='lat' dir='ltr'><strong>cum</strong></span> 
     </span>
     <span class='ocr_line' id='line_1_13' title="bbox 111 2056 1205 2142; baseline 0.002 -19"><span class='ocrx_word' id='word_1_61' title='bbox 111 2059 233 2141; x_wconf 87' lang='lat' dir='ltr'><strong>ingenii</strong></span> <span class='ocrx_word' id='word_1_62' title='bbox 247 2061 301 2124; x_wconf 91' lang='lat' dir='ltr'><strong>sui</strong></span> <span class='ocrx_word' id='word_1_63' title='bbox 316 2060 440 2126; x_wconf 76' lang='lat' dir='ltr'><strong>tioenos</strong></span> <span class='ocrx_word' id='word_1_64' title='bbox 455 2059 579 2142; x_wconf 91' lang='lat' dir='ltr'><strong>ubique</strong></span> <span class='ocrx_word' id='word_1_65' title='bbox 594 2060 700 2135; x_wconf 85' lang='lat' dir='ltr'><strong>laxat,</strong></span> <span class='ocrx_word' id='word_1_66' title='bbox 715 2078 756 2121; x_wconf 92' lang='lat' dir='ltr'><strong>ue</strong></span> <span class='ocrx_word' id='word_1_67' title='bbox 769 2060 992 2142; x_wconf 77' lang='lat' dir='ltr'><strong>nequicquam</strong></span> <span class='ocrx_word' id='word_1_68' title='bbox 1001 2056 1205 2125; x_wconf 78' lang='lat' dir='ltr'><strong>declamasse</strong></span> 
     </span>
     <span class='ocr_line' id='line_1_14' title="bbox 109 2159 1206 2243; baseline 0.002 -20"><span class='ocrx_word' id='word_1_69' title='bbox 109 2161 271 2239; x_wconf 84' lang='lat' dir='ltr'><strong>videatur,</strong></span> <span class='ocrx_word' id='word_1_70' title='bbox 301 2168 415 2237; x_wconf 74' lang='lat' dir='ltr'><strong>anem,</strong></span> <span class='ocrx_word' id='word_1_71' title='bbox 446 2168 485 2224; x_wconf 91' lang='lat' dir='ltr'><strong>ut</strong></span> <span class='ocrx_word' id='word_1_72' title='bbox 512 2160 695 2239; x_wconf 88' lang='lat' dir='ltr'><strong>Romanus,</strong></span> <span class='ocrx_word' id='word_1_73' title='bbox 734 2159 934 2242; x_wconf 80' lang='lat' dir='ltr'><strong>constringit,</strong></span> <span class='ocrx_word' id='word_1_74' title='bbox 973 2160 1142 2243; x_wconf 83' lang='lat' dir='ltr'><strong>legemque</strong></span> <span class='ocrx_word' id='word_1_75' title='bbox 1172 2166 1206 2225; x_wconf 90' lang='lat' dir='ltr'><strong>et</strong></span> 
     </span>
     <span class='ocr_line' id='line_1_15' title="bbox 109 2261 1203 2346; baseline 0.002 -22"><span class='ocrx_word' id='word_1_76' title='bbox 109 2262 370 2345; x_wconf 72' lang='lat' dir='ltr'><strong>aequabilitatem</strong></span> <span class='ocrx_word' id='word_1_77' title='bbox 395 2280 552 2326; x_wconf 86' lang='lat' dir='ltr'><strong>versuum</strong></span> <span class='ocrx_word' id='word_1_78' title='bbox 581 2262 772 2346; x_wconf 68' lang='lat' dir='ltr'><strong>praescribit</strong></span> <span class='ocrx_word' id='word_1_79' title='bbox 799 2262 876 2338; x_wconf 89' lang='lat' dir='ltr'><strong>sibi,</strong></span> <span class='ocrx_word' id='word_1_80' title='bbox 907 2262 962 2326; x_wconf 91' lang='lat' dir='ltr'><strong>cui</strong></span> <span class='ocrx_word' id='word_1_81' title='bbox 987 2262 1107 2346; x_wconf 90' lang='lat' dir='ltr'><strong>ubique</strong></span> <span class='ocrx_word' id='word_1_82' title='bbox 1135 2261 1203 2326; x_wconf 84' lang='lat' dir='ltr'><strong>fere</strong></span> 
     </span>
     <span class='ocr_line' id='line_1_16' title="bbox 109 2355 1202 2446; baseline 0.002 -23"><span class='ocrx_word' id='word_1_83' title='bbox 109 2362 322 2446; x_wconf 86' lang='lat' dir='ltr'><strong>obtemperat</strong></span> <span class='ocrx_word' id='word_1_84' title='bbox 353 2363 411 2427; x_wconf 87' lang='lat' dir='ltr'><strong>Sic</strong></span> <span class='ocrx_word' id='word_1_85' title='bbox 427 2380 504 2426; x_wconf 88' lang='lat' dir='ltr'><strong>cum</strong></span> <span class='ocrx_word' id='word_1_86' title='bbox 517 2363 702 2427; x_wconf 88' lang='lat' dir='ltr'><strong>tersissimo</strong></span> <span class='ocrx_word' id='word_1_87' title='bbox 715 2361 845 2426; x_wconf 82' lang='lat' dir='ltr'><strong>Tibulli</strong></span> <span class='ocrx_word' id='word_1_88' title='bbox 859 2361 915 2427; x_wconf 86' lang='lat' dir='ltr'><strong>lilo</strong></span> <span class='ocrx_word' id='word_1_89' title='bbox 929 2362 1073 2427; x_wconf 87' lang='lat' dir='ltr'><strong>animam</strong></span> <span class='ocrx_word' id='word_1_90' title='bbox 1088 2355 1202 2441; x_wconf 85' lang='lat' dir='ltr'><strong>addat,</strong></span> 
     </span>
     <span class='ocr_line' id='line_1_17' title="bbox 109 2463 603 2528; baseline 0.01 -6"><span class='ocrx_word' id='word_1_91' title='bbox 109 2463 232 2527; x_wconf 84' lang='lat' dir='ltr'><strong>cultum</strong></span> <span class='ocrx_word' id='word_1_92' title='bbox 247 2480 317 2528; x_wconf 93' lang='lat' dir='ltr'><strong>non</strong></span> <span class='ocrx_word' id='word_1_93' title='bbox 330 2463 465 2527; x_wconf 84' lang='lat' dir='ltr'><strong>sustulit</strong></span> <span class='ocrx_word' id='word_1_94' title='bbox 479 2469 603 2527; x_wconf 79' lang='lat' dir='ltr'><strong>tamem</strong></span> 
     </span>
    </p>
   </div>
   <div class='ocr_carea' id='block_1_8' title="bbox 263 2611 1051 2678">
    <p class='ocr_par' dir='ltr' id='par_1_8' title="bbox 263 2611 1051 2678">
     <span class='ocr_line' id='line_1_18' title="bbox 263 2611 1051 2678; baseline -0.001 -2"><span class='ocrx_word' id='word_1_95' title='bbox 263 2611 464 2677; x_wconf 83' lang='lat' dir='ltr'><strong>Franciscus</strong></span> <span class='ocrx_word' id='word_1_96' title='bbox 478 2612 652 2678; x_wconf 85' lang='lat' dir='ltr'><strong>Vavassor</strong></span> <span class='ocrx_word' id='word_1_97' title='bbox 666 2611 709 2676; x_wconf 87' lang='lat' dir='ltr'><strong>de</strong></span> <span class='ocrx_word' id='word_1_98' title='bbox 724 2612 871 2678; x_wconf 86' lang='lat' dir='ltr'><strong>Ludicra</strong></span> <span class='ocrx_word' id='word_1_99' title='bbox 885 2613 1051 2678; x_wconf 77' lang='lat' dir='ltr'><strong>Dictione,</strong></span> 
     </span>
    </p>
   </div>
   <div class='ocr_carea' id='block_1_9' title="bbox 103 2744 1283 4244">
    <p class='ocr_par' dir='ltr' id='par_1_9' title="bbox 103 2744 1283 4244">
     <span class='ocr_line' id='line_1_19' title="bbox 151 2744 1201 2829; baseline 0.003 -20"><span class='ocrx_word' id='word_1_100' title='bbox 151 2745 193 2810; x_wconf 91' lang='lat' dir='ltr'><strong>In</strong></span> <span class='ocrx_word' id='word_1_101' title='bbox 214 2746 277 2809; x_wconf 90' lang='lat' dir='ltr'><strong>boc</strong></span> <span class='ocrx_word' id='word_1_102' title='bbox 299 2745 381 2809; x_wconf 86' lang='lat' dir='ltr'><strong>artis</strong></span> <span class='ocrx_word' id='word_1_103' title='bbox 405 2744 556 2811; x_wconf 71' lang='lat' dir='ltr'><strong>Poeticae</strong></span> <span class='ocrx_word' id='word_1_104' title='bbox 579 2763 694 2828; x_wconf 88' lang='lat' dir='ltr'><strong>genere</strong></span> <span class='ocrx_word' id='word_1_105' title='bbox 713 2747 897 2829; x_wconf 81' lang='lat' dir='ltr'><strong>singulares</strong></span> <span class='ocrx_word' id='word_1_106' title='bbox 918 2752 952 2811; x_wconf 89' lang='lat' dir='ltr'><strong>et</strong></span> <span class='ocrx_word' id='word_1_107' title='bbox 973 2746 1115 2811; x_wconf 87' lang='lat' dir='ltr'><strong>eximios</strong></span> <span class='ocrx_word' id='word_1_108' title='bbox 1134 2766 1201 2813; x_wconf 90' lang='lat' dir='ltr'><strong>uno</strong></span> 
     </span>
     <span class='ocr_line' id='line_1_20' title="bbox 107 2844 1218 2932; baseline 0.003 -22"><span class='ocrx_word' id='word_1_109' title='bbox 107 2844 292 2928; x_wconf 90' lang='lat' dir='ltr'><strong>eodemque</strong></span> <span class='ocrx_word' id='word_1_110' title='bbox 307 2846 452 2928; x_wconf 79' lang='lat' dir='ltr'><strong>Augusti</strong></span> <span class='ocrx_word' id='word_1_111' title='bbox 475 2846 602 2911; x_wconf 79' lang='lat' dir='ltr'><strong>soeculo</strong></span> <span class='ocrx_word' id='word_1_112' title='bbox 624 2853 766 2930; x_wconf 88' lang='lat' dir='ltr'><strong>quatuor</strong></span> <span class='ocrx_word' id='word_1_113' title='bbox 786 2853 918 2913; x_wconf 85' lang='lat' dir='ltr'><strong>constat</strong></span> <span class='ocrx_word' id='word_1_114' title='bbox 936 2849 1097 2926; x_wconf 84' lang='lat' dir='ltr'><strong>extitisse,</strong></span> <span class='ocrx_word' id='word_1_115' title='bbox 1120 2864 1218 2932; x_wconf 87' lang='lat' dir='ltr'><strong>quo··</strong></span> 
     </span>
     <span class='ocr_line' id='line_1_21' title="bbox 107 2947 1283 3032; baseline 0.002 -20"><span class='ocrx_word' id='word_1_116' title='bbox 107 2967 179 3012; x_wconf 92' lang='lat' dir='ltr'><strong>rum</strong></span> <span class='ocrx_word' id='word_1_117' title='bbox 193 2947 280 3010; x_wconf 87' lang='lat' dir='ltr'><strong>alius</strong></span> <span class='ocrx_word' id='word_1_118' title='bbox 294 2947 407 3025; x_wconf 85' lang='lat' dir='ltr'><strong>alium,</strong></span> <span class='ocrx_word' id='word_1_119' title='bbox 421 2951 578 3029; x_wconf 88' lang='lat' dir='ltr'><strong>tauquam</strong></span> <span class='ocrx_word' id='word_1_120' title='bbox 594 2949 702 3012; x_wconf 68' lang='lat' dir='ltr'><strong>aetatis</strong></span> <span class='ocrx_word' id='word_1_121' title='bbox 717 2948 840 3032; x_wconf 89' lang='lat' dir='ltr'><strong>pariter</strong></span> <span class='ocrx_word' id='word_1_122' title='bbox 847 2954 881 3012; x_wconf 91' lang='lat' dir='ltr'><strong>et</strong></span> <span class='ocrx_word' id='word_1_123' title='bbox 892 2949 1005 3030; x_wconf 79' lang='lat' dir='ltr'><strong>gloriae</strong></span> <span class='ocrx_word' id='word_1_124' title='bbox 1015 2952 1202 3028; x_wconf 87' lang='lat' dir='ltr'><strong>successor,</strong></span> <span class='ocrx_word' id='word_1_125' title='bbox 1277 2989 1283 3003; x_wconf 89' lang='lat'><strong>·</strong></span> 
     </span>
     <span class='ocr_line' id='line_1_22' title="bbox 107 3046 1203 3131; baseline 0.002 -18"><span class='ocrx_word' id='word_1_126' title='bbox 107 3049 286 3131; x_wconf 86' lang='lat' dir='ltr'><strong>exceperit,</strong></span> <span class='ocrx_word' id='word_1_127' title='bbox 308 3046 454 3126; x_wconf 84' lang='lat' dir='ltr'><strong>Gallum,</strong></span> <span class='ocrx_word' id='word_1_128' title='bbox 475 3047 661 3125; x_wconf 79' lang='lat' dir='ltr'><strong>Tibullum,</strong></span> <span class='ocrx_word' id='word_1_129' title='bbox 684 3048 907 3131; x_wconf 88' lang='lat' dir='ltr'><strong>Propertium,</strong></span> <span class='ocrx_word' id='word_1_130' title='bbox 928 3055 975 3124; x_wconf 89' lang='lat' dir='ltr'><strong>et,</strong></span> <span class='ocrx_word' id='word_1_131' title='bbox 1000 3050 1057 3131; x_wconf 92' lang='lat' dir='ltr'><strong>qui</strong></span> <span class='ocrx_word' id='word_1_132' title='bbox 1074 3069 1112 3113; x_wconf 93' lang='lat' dir='ltr'><strong>se</strong></span> <span class='ocrx_word' id='word_1_133' title='bbox 1126 3052 1203 3115; x_wconf 86' lang='lat' dir='ltr'><strong>istis</strong></span> 
     </span>
     <span class='ocr_line' id='line_1_23' title="bbox 103 3145 1202 3233; baseline 0.003 -20"><span class='ocrx_word' id='word_1_134' title='bbox 103 3149 179 3232; x_wconf 87' lang='lat' dir='ltr'><strong>jure</strong></span> <span class='ocrx_word' id='word_1_135' title='bbox 196 3149 325 3233; x_wconf 92' lang='lat' dir='ltr'><strong>optimo</strong></span> <span class='ocrx_word' id='word_1_136' title='bbox 347 3156 498 3232; x_wconf 87' lang='lat' dir='ltr'><strong>quartum</strong></span> <span class='ocrx_word' id='word_1_137' title='bbox 520 3152 720 3225; x_wconf 89' lang='lat' dir='ltr'><strong>annumerat,</strong></span> <span class='ocrx_word' id='word_1_138' title='bbox 743 3146 913 3211; x_wconf 83' lang='lat' dir='ltr'><strong>Ovidium.</strong></span> <span class='ocrx_word' id='word_1_139' title='bbox 956 3145 1004 3212; x_wconf 82' lang='lat' dir='ltr'><strong>At</strong></span> <span class='ocrx_word' id='word_1_140' title='bbox 1025 3151 1136 3215; x_wconf 88' lang='lat' dir='ltr'><strong>statim</strong></span> <span class='ocrx_word' id='word_1_141' title='bbox 1158 3152 1202 3215; x_wconf 90' lang='lat' dir='ltr'><strong>ab</strong></span> 
     </span>
     <span class='ocr_line' id='line_1_24' title="bbox 108 3247 1202 3329; baseline 0.005 -17"><span class='ocrx_word' id='word_1_142' title='bbox 108 3251 203 3314; x_wconf 91' lang='lat' dir='ltr'><strong>obitu</strong></span> <span class='ocrx_word' id='word_1_143' title='bbox 219 3247 346 3329; x_wconf 83' lang='lat' dir='ltr'><strong>Ovidii,</strong></span> <span class='ocrx_word' id='word_1_144' title='bbox 359 3249 494 3316; x_wconf 85' lang='lat' dir='ltr'><strong>Velleio</strong></span> <span class='ocrx_word' id='word_1_145' title='bbox 507 3250 682 3314; x_wconf 87' lang='lat' dir='ltr'><strong>Historico</strong></span> <span class='ocrx_word' id='word_1_146' title='bbox 697 3249 781 3313; x_wconf 91' lang='lat' dir='ltr'><strong>satis</strong></span> <span class='ocrx_word' id='word_1_147' title='bbox 796 3248 864 3314; x_wconf 92' lang='lat' dir='ltr'><strong>duo</strong></span> <span class='ocrx_word' id='word_1_148' title='bbox 885 3247 1027 3328; x_wconf 87' lang='lat' dir='ltr'><strong>fuemnt,</strong></span> <span class='ocrx_word' id='word_1_149' title='bbox 1047 3249 1202 3317; x_wconf 79' lang='lat' dir='ltr'><strong>Tibullus</strong></span> 
     </span>
     <span class='ocr_line' id='line_1_25' title="bbox 107 3349 1202 3434; baseline 0.004 -20"><span class='ocrx_word' id='word_1_150' title='bbox 107 3359 141 3414; x_wconf 91' lang='lat' dir='ltr'><strong>et</strong></span> <span class='ocrx_word' id='word_1_151' title='bbox 156 3350 267 3428; x_wconf 88' lang='lat' dir='ltr'><strong>Naso,</strong></span> <span class='ocrx_word' id='word_1_152' title='bbox 283 3370 369 3434; x_wconf 92' lang='lat' dir='ltr'><strong>quos</strong></span> <span class='ocrx_word' id='word_1_153' title='bbox 383 3370 459 3415; x_wconf 89' lang='lat' dir='ltr'><strong>esse</strong></span> <span class='ocrx_word' id='word_1_154' title='bbox 473 3350 596 3415; x_wconf 89' lang='lat' dir='ltr'><strong>dixerit</strong></span> <span class='ocrx_word' id='word_1_155' title='bbox 616 3350 651 3413; x_wconf 93' lang='lat' dir='ltr'><strong>iu</strong></span> <span class='ocrx_word' id='word_1_156' title='bbox 672 3349 777 3413; x_wconf 83' lang='lat' dir='ltr'><strong>forma</strong></span> <span class='ocrx_word' id='word_1_157' title='bbox 797 3349 911 3433; x_wconf 88' lang='lat' dir='ltr'><strong>operis</strong></span> <span class='ocrx_word' id='word_1_158' title='bbox 932 3351 983 3414; x_wconf 90' lang='lat' dir='ltr'><strong>sui</strong></span> <span class='ocrx_word' id='word_1_159' title='bbox 999 3350 1202 3434; x_wconf 80' lang='lat' dir='ltr'><strong>perfectissi-</strong></span> 
     </span>
     <span class='ocr_line' id='line_1_26' title="bbox 106 3449 1201 3535; baseline 0.003 -20"><span class='ocrx_word' id='word_1_160' title='bbox 106 3470 193 3516; x_wconf 87' lang='lat' dir='ltr'><strong>mos.</strong></span> <span class='ocrx_word' id='word_1_161' title='bbox 238 3449 442 3535; x_wconf 86' lang='lat' dir='ltr'><strong>Quanquam</strong></span> <span class='ocrx_word' id='word_1_162' title='bbox 458 3456 589 3515; x_wconf 89' lang='lat' dir='ltr'><strong>centum</strong></span> <span class='ocrx_word' id='word_1_163' title='bbox 604 3456 683 3532; x_wconf 92' lang='lat' dir='ltr'><strong>post</strong></span> <span class='ocrx_word' id='word_1_164' title='bbox 697 3450 793 3513; x_wconf 86' lang='lat' dir='ltr'><strong>annis</strong></span> <span class='ocrx_word' id='word_1_165' title='bbox 807 3469 868 3514; x_wconf 89' lang='lat' dir='ltr'><strong>nec</strong></span> <span class='ocrx_word' id='word_1_166' title='bbox 882 3449 1006 3533; x_wconf 85' lang='lat' dir='ltr'><strong>plures,</strong></span> <span class='ocrx_word' id='word_1_167' title='bbox 1026 3471 1089 3516; x_wconf 93' lang='lat' dir='ltr'><strong>nec</strong></span> <span class='ocrx_word' id='word_1_168' title='bbox 1104 3454 1201 3531; x_wconf 87' lang='lat' dir='ltr'><strong>alios,</strong></span> 
     </span>
     <span class='ocr_line' id='line_1_27' title="bbox 107 3551 1203 3637; baseline 0.001 -20"><span class='ocrx_word' id='word_1_169' title='bbox 107 3572 204 3635; x_wconf 84' lang='lat' dir='ltr'><strong>quam</strong></span> <span class='ocrx_word' id='word_1_170' title='bbox 217 3554 274 3636; x_wconf 92' lang='lat' dir='ltr'><strong>qui</strong></span> <span class='ocrx_word' id='word_1_171' title='bbox 297 3553 340 3616; x_wconf 89' lang='lat' dir='ltr'><strong>ab</strong></span> <span class='ocrx_word' id='word_1_172' title='bbox 363 3551 485 3618; x_wconf 87' lang='lat' dir='ltr'><strong>Ovidio</strong></span> <span class='ocrx_word' id='word_1_173' title='bbox 499 3553 575 3637; x_wconf 90' lang='lat' dir='ltr'><strong>ipso</strong></span> <span class='ocrx_word' id='word_1_174' title='bbox 589 3551 762 3617; x_wconf 85' lang='lat' dir='ltr'><strong>memorati</strong></span> <span class='ocrx_word' id='word_1_175' title='bbox 776 3557 862 3629; x_wconf 88' lang='lat' dir='ltr'><strong>sunt,</strong></span> <span class='ocrx_word' id='word_1_176' title='bbox 888 3551 1113 3630; x_wconf 83' lang='lat' dir='ltr'><strong>Quintilianus</strong></span> <span class='ocrx_word' id='word_1_177' title='bbox 1127 3573 1203 3636; x_wconf 89' lang='lat' dir='ltr'><strong>pro·</strong></span> 
     </span>
     <span class='ocr_line' id='line_1_28' title="bbox 106 3650 1201 3737; baseline -0.002 -18"><span class='ocrx_word' id='word_1_178' title='bbox 106 3653 191 3731; x_wconf 84' lang='lat' dir='ltr'><strong>tulit,</strong></span> <span class='ocrx_word' id='word_1_179' title='bbox 213 3653 345 3720; x_wconf 85' lang='lat' dir='ltr'><strong>Oratori</strong></span> <span class='ocrx_word' id='word_1_180' title='bbox 365 3654 535 3736; x_wconf 86' lang='lat' dir='ltr'><strong>legendos,</strong></span> <span class='ocrx_word' id='word_1_181' title='bbox 556 3673 658 3737; x_wconf 88' lang='lat' dir='ltr'><strong>quem</strong></span> <span class='ocrx_word' id='word_1_182' title='bbox 679 3650 882 3717; x_wconf 79' lang='lat' dir='ltr'><strong>informaret:</strong></span> <span class='ocrx_word' id='word_1_183' title='bbox 909 3653 1023 3730; x_wconf 87' lang='lat' dir='ltr'><strong>credo,</strong></span> <span class='ocrx_word' id='word_1_184' title='bbox 1046 3654 1136 3737; x_wconf 93' lang='lat' dir='ltr'><strong>quod</strong></span> <span class='ocrx_word' id='word_1_185' title='bbox 1158 3654 1201 3718; x_wconf 87' lang='lat' dir='ltr'><strong>ab</strong></span> 
     </span>
     <span class='ocr_line' id='line_1_29' title="bbox 106 3754 1199 3840; baseline 0.001 -22"><span class='ocrx_word' id='word_1_186' title='bbox 106 3754 275 3820; x_wconf 72' lang='lat' dir='ltr'><strong>Ouidiano</strong></span> <span class='ocrx_word' id='word_1_187' title='bbox 290 3761 437 3840; x_wconf 90' lang='lat' dir='ltr'><strong>tempore</strong></span> <span class='ocrx_word' id='word_1_188' title='bbox 454 3755 497 3820; x_wconf 94' lang='lat' dir='ltr'><strong>ad</strong></span> <span class='ocrx_word' id='word_1_189' title='bbox 510 3775 607 3820; x_wconf 89' lang='lat' dir='ltr'><strong>suam</strong></span> <span class='ocrx_word' id='word_1_190' title='bbox 627 3773 734 3838; x_wconf 87' lang='lat' dir='ltr'><strong>usque</strong></span> <span class='ocrx_word' id='word_1_191' title='bbox 753 3762 898 3830; x_wconf 86' lang='lat' dir='ltr'><strong>aetatem,</strong></span> <span class='ocrx_word' id='word_1_192' title='bbox 921 3758 1013 3818; x_wconf 83' lang='lat' dir='ltr'><strong>tanto</strong></span> <span class='ocrx_word' id='word_1_193' title='bbox 1027 3755 1199 3820; x_wconf 81' lang='lat' dir='ltr'><strong>intervallo</strong></span> 
     </span>
     <span class='ocr_line' id='line_1_30' title="bbox 104 3853 1200 3940; baseline 0.001 -21"><span class='ocrx_word' id='word_1_194' title='bbox 104 3855 214 3920; x_wconf 91' lang='lat' dir='ltr'><strong>nullos</strong></span> <span class='ocrx_word' id='word_1_195' title='bbox 227 3863 347 3920; x_wconf 87' lang='lat' dir='ltr'><strong>nactus</strong></span> <span class='ocrx_word' id='word_1_196' title='bbox 361 3858 414 3935; x_wconf 88' lang='lat' dir='ltr'><strong>sit,</strong></span> <span class='ocrx_word' id='word_1_197' title='bbox 428 3858 587 3921; x_wconf 88' lang='lat' dir='ltr'><strong>memoria</strong></span> <span class='ocrx_word' id='word_1_198' title='bbox 608 3858 693 3921; x_wconf 86' lang='lat' dir='ltr'><strong>satis</strong></span> <span class='ocrx_word' id='word_1_199' title='bbox 714 3862 748 3921; x_wconf 89' lang='lat' dir='ltr'><strong>et</strong></span> <span class='ocrx_word' id='word_1_200' title='bbox 768 3853 1056 3921; x_wconf 88' lang='lat' dir='ltr'><strong>commendatione</strong></span> <span class='ocrx_word' id='word_1_201' title='bbox 1071 3856 1200 3940; x_wconf 87' lang='lat' dir='ltr'><strong>dignos.</strong></span> 
     </span>
     <span class='ocr_line' id='line_1_31' title="bbox 104 3956 1201 4042; baseline -0.002 -21"><span class='ocrx_word' id='word_1_202' title='bbox 104 3956 128 4021; x_wconf 87' lang='lat' dir='ltr'>J</span> <span class='ocrx_word' id='word_1_203' title='bbox 129 3977 183 4022; x_wconf 87' lang='lat' dir='ltr'><strong>am</strong></span> <span class='ocrx_word' id='word_1_204' title='bbox 199 3957 305 4035; x_wconf 86' lang='lat' dir='ltr'><strong>Galli,</strong></span> <span class='ocrx_word' id='word_1_205' title='bbox 322 3960 378 4040; x_wconf 92' lang='lat' dir='ltr'><strong>qui</strong></span> <span class='ocrx_word' id='word_1_206' title='bbox 391 3957 579 4023; x_wconf 88' lang='lat' dir='ltr'><strong>duriuscule</strong></span> <span class='ocrx_word' id='word_1_207' title='bbox 591 3963 726 4041; x_wconf 87' lang='lat' dir='ltr'><strong>putatur</strong></span> <span class='ocrx_word' id='word_1_208' title='bbox 747 3960 934 4042; x_wconf 86' lang='lat' dir='ltr'><strong>scripsisse,</strong></span> <span class='ocrx_word' id='word_1_209' title='bbox 955 3957 1035 4022; x_wconf 91' lang='lat' dir='ltr'><strong>nihil</strong></span> <span class='ocrx_word' id='word_1_210' title='bbox 1048 3958 1201 4039; x_wconf 88' lang='lat' dir='ltr'><strong>pervenit</strong></span> 
     </span>
     <span class='ocr_line' id='line_1_32' title="bbox 105 4046 1200 4144; baseline 0.001 -23"><span class='ocrx_word' id='word_1_211' title='bbox 105 4057 147 4122; x_wconf 89' lang='lat' dir='ltr'><strong>ad</strong></span> <span class='ocrx_word' id='word_1_212' title='bbox 161 4046 236 4137; x_wconf 78' lang='lat' dir='ltr'><strong>uos,</strong></span> <span class='ocrx_word' id='word_1_213' title='bbox 251 4059 373 4143; x_wconf 91' lang='lat' dir='ltr'><strong>injuria</strong></span> <span class='ocrx_word' id='word_1_214' title='bbox 393 4067 427 4125; x_wconf 90' lang='lat' dir='ltr'><strong>et</strong></span> <span class='ocrx_word' id='word_1_215' title='bbox 447 4060 622 4144; x_wconf 88' lang='lat' dir='ltr'><strong>iniquitate</strong></span> <span class='ocrx_word' id='word_1_216' title='bbox 648 4067 845 4143; x_wconf 90' lang='lat' dir='ltr'><strong>temporum.</strong></span> <span class='ocrx_word' id='word_1_217' title='bbox 888 4057 1075 4135; x_wconf 79' lang='lat' dir='ltr'><strong>Tibullum,</strong></span> <span class='ocrx_word' id='word_1_218' title='bbox 1093 4057 1141 4121; x_wconf 89' lang='lat' dir='ltr'><strong>ita</strong></span> <span class='ocrx_word' id='word_1_219' title='bbox 1163 4063 1200 4122; x_wconf 93' lang='lat' dir='ltr'><strong>ut</strong></span> 
     </span>
     <span class='ocr_line' id='line_1_33' title="bbox 104 4160 913 4244; baseline -0.001 -22"><span class='ocrx_word' id='word_1_220' title='bbox 104 4166 185 4236; x_wconf 85' lang='lat' dir='ltr'><strong>erat,</strong></span> <span class='ocrx_word' id='word_1_221' title='bbox 200 4161 402 4242; x_wconf 88' lang='lat' dir='ltr'><strong>accepimus,</strong></span> <span class='ocrx_word' id='word_1_222' title='bbox 416 4162 584 4225; x_wconf 87' lang='lat' dir='ltr'><strong>excultum</strong></span> <span class='ocrx_word' id='word_1_223' title='bbox 599 4168 704 4244; x_wconf 86' lang='lat' dir='ltr'><strong>atque</strong></span> <span class='ocrx_word' id='word_1_224' title='bbox 715 4160 913 4243; x_wconf 89' lang='lat' dir='ltr'><strong>expolitum.</strong></span> 
     </span>
    </p>
   </div>
   <div class='ocr_carea' id='block_1_10' title="bbox 146 4306 1316 4385">
    <p class='ocr_par' dir='ltr' id='par_1_10' title="bbox 146 4306 1316 4385">
     <span class='ocr_line' id='line_1_34' title="bbox 146 4306 1316 4385; baseline -0.002 -12"><span class='ocrx_word' id='word_1_225' title='bbox 146 4306 342 4374; x_wconf 82' lang='lat' dir='ltr'><strong>Fredericus</strong></span> <span class='ocrx_word' id='word_1_226' title='bbox 356 4308 593 4376; x_wconf 86' lang='lat' dir='ltr'><strong>Taubmauuus</strong></span> <span class='ocrx_word' id='word_1_227' title='bbox 608 4312 793 4377; x_wconf 87' lang='lat' dir='ltr'><strong>Comment.</strong></span> <span class='ocrx_word' id='word_1_228' title='bbox 809 4311 852 4375; x_wconf 89' lang='lat' dir='ltr'><strong>ad</strong></span> <span class='ocrx_word' id='word_1_229' title='bbox 868 4309 1030 4385; x_wconf 86' lang='lat' dir='ltr'><strong>Culicem,</strong></span> <span class='ocrx_word' id='word_1_230' title='bbox 1042 4327 1092 4372; x_wconf 83' lang='lat' dir='ltr'><strong>vs.</strong></span> <span class='ocrx_word' id='word_1_231' title='bbox 1107 4308 1184 4374; x_wconf 86' lang='grc'><strong>410.</strong></span> <span class='ocrx_word' id='word_1_232' title='bbox 1308 4336 1316 4349; x_wconf 92' lang='grc'><em>·</em></span> 
     </span>
    </p>
   </div>
   <div class='ocr_carea' id='block_1_11' title="bbox 104 4437 1198 4608">
    <p class='ocr_par' dir='ltr' id='par_1_11' title="bbox 104 4437 1198 4608">
     <span class='ocr_line' id='line_1_35' title="bbox 145 4437 1198 4525; baseline -0.002 -19"><span class='ocrx_word' id='word_1_233' title='bbox 145 4442 314 4519; x_wconf 79' lang='lat' dir='ltr'><strong>Tibullus,</strong></span> <span class='ocrx_word' id='word_1_234' title='bbox 337 4441 560 4524; x_wconf 90' lang='lat' dir='ltr'><strong>politissimus</strong></span> <span class='ocrx_word' id='word_1_235' title='bbox 573 4444 629 4508; x_wconf 87' lang='lat' dir='ltr'><strong>ille</strong></span> <span class='ocrx_word' id='word_1_236' title='bbox 644 4443 924 4525; x_wconf 86' lang='lat' dir='ltr'><strong>suavissimosque</strong></span> <span class='ocrx_word' id='word_1_237' title='bbox 939 4437 1061 4517; x_wconf 69' lang='lat' dir='ltr'><strong>Poeta,</strong></span> <span class='ocrx_word' id='word_1_238' title='bbox 1079 4446 1112 4504; x_wconf 90' lang='lat' dir='ltr'><strong>et</strong></span> <span class='ocrx_word' id='word_1_239' title='bbox 1126 4441 1198 4523; x_wconf 90' lang='lat' dir='ltr'><strong>qui·</strong></span> 
     </span>
     <span class='ocr_line' id='line_1_36' title="bbox 104 4543 471 4608; baseline 0 0"><span class='ocrx_word' id='word_1_240' title='bbox 104 4545 181 4608; x_wconf 88' lang='lat' dir='ltr'><strong>dem</strong></span> <span class='ocrx_word' id='word_1_241' title='bbox 195 4543 369 4608; x_wconf 89' lang='lat' dir='ltr'><strong>Pboebeus</strong></span> <span class='ocrx_word' id='word_1_242' title='bbox 384 4543 471 4608; x_wconf 89' lang='lat' dir='ltr'><strong>olor.</strong></span> 
     </span>
    </p>
   </div>
   <div class='ocr_carea' id='block_1_12' title="bbox 0 0 1384 5130">
    <p class='ocr_par' dir='ltr' id='par_1_12' title="bbox 0 0 1384 5130">
     <span class='ocr_line' id='line_1_37' title="bbox 0 0 1384 5130; baseline 0 3"><span class='ocrx_word' id='word_1_243' title='bbox 0 0 1384 5130; x_wconf 95' lang='lat' dir='ltr'><strong> </strong></span> 
     </span>
    </p>
   </div>
  </div>
 </body>
</html>
