2760 5130
431 789 981 844 scnnnrnsnrtsnccrnsnuurr.
1066 763 1069 769 ’

156 945 207 997 que
215 929 315 982 frustra
326 938 377 995 est,
386 947 444 983 meo
455 935 635 998 sanejadicio,
644 935 685 984 vir
727 941 883 1001 postremam
895 933 967 984 credi
980 932 1095 997 postulat
1104 929 1162 982 ribi.

159 1005 322 1056 doctissimus
332 1009 376 1072 qui
393 1009 475 1073 ipsam
492 1010 559 1059 bano
570 1011 687 1073 Elegium
759 1013 868 1062 Pansam
880 1011 985 1062 faciam.

156 1081 248 1132 ordine
260 1083 365 1147 quidem
375 1085 482 1149 primam
494 1094 610 1150 tempore
624 1100 686 1135 vero

475 1522 640 1596 JANI
689 1521 936 1598 DOUSAE

554 1632 860 1741 Nounovwrs

231 1928 236 1947 ι
315 1840 668 1920 SCHEDIASMA
697 1843 1094 1922 SUCCIDANEUM

228 2014 384 2065 nonanis
403 2014 454 2064 nn
471 2015 659 2066 nannenus
677 2017 934 2070 nnncrnnnars
952 2014 1176 2068 anonumum.
1274 1983 1276 1986 ’

193 2288 481 2343 8οΗΕΒΙΑ8ΜΑΤ18
499 2292 640 2343 SUMMA.
724 2309 846 2360 nusquam
859 2296 927 2346 inter
938 2294 1060 2359 aquales,
1072 2290 1117 2341 sed
1129 2304 1191 2340 voro
1200 2289 1256 2340 ubl·

184 2365 232 2415 D!
241 2365 322 2427 Galli,
331 2366 443 2429 virgilii,
455 2368 569 2429 Horatii,
579 2367 683 2430 Tibulli,
724 2371 860 2435 quainter
885 2371 1029 2434 superiores
1051 2368 1137 2417 rotatis
1156 2365 1253 2415 Poetae

148 2440 296 2506 Propertii,
314 2456 346 2491 ae
365 2441 454 2491 Ouidii
474 2449 553 2491 etate
573 2441 684 2506 deniqne
724 2442 827 2493 Albium
838 2441 1173 2494 'l’ibullumrecensercvlsi
1190 2440 1255 2490 (lal-

148 2515 275 2567 ‹llatiucte
293 2531 325 2567 ao
343 2516 472 2574 delucide,
490 2531 599 2581 cumque
618 2517 683 2565 auti·
724 2520 776 2568 lnm
785 2520 956 2584 nullunquam
970 2519 1012 2567 elii
1022 2519 1120 2579 volunt,
1129 2516 1254 2566 sexennio

147 2604 202 2657 qu
217 2592 282 2642 tdeo
299 2599 353 2642 tum
371 2607 434 2642 curn
454 2600 507 2641 tum
527 2591 683 2640 fidedimr·
723 2597 895 2661 grandiorem,
905 2597 952 2646 boc
968 2602 1018 2656 eat,
1034 2609 1086 2643 uon
1097 2600 1195 2654 ternos,
1206 2593 1253 2643 scd
1293 2625 1298 2635 -

149 2674 216 2718 tw·
247 2667 499 2717 ‘llbssllummnissm
518 2667 682 2729 Collessflmm
722 2681 830 2723 octonos
841 2687 922 2721 annua
938 2686 1016 2734 snpra
1031 2668 1253 2733 quadragesimum

145 2755 261 2806 mm,
275 2741 310 2793 dt
333 2743 432 2807 Elesslae
453 2742 625 2806 scriptoribut
645 2742 681 2791 ¹⁰·
721 2756 810 2799 natum
821 2745 909 2804 fuisse,
920 2759 997 2810 quom
1008 2742 1174 2793 acommunia
1184 2743 1252 2793 lueis

146 2820 458 2886 qnur,siGallnmnuurn
471 2821 586 2885 excipias
595 2821 680 2879 modo,
721 2838 798 2874 usura
815 2837 875 2872 sess
891 2820 1061 2884 abjudicaret.
1092 2818 1153 2882 Ejus
1170 2817 1254 2868 Mem·

136 2904 272 2962 «qnantum
284 2895 681 2960 Erotlcornmnluitautiquissi-
720 2899 812 2964 pbltiel
841 2897 924 2961 Regni
951 2893 1167 2960 procurationem,
1201 2908 1250 2959 per

145 2971 233 3032 adumr
250 2977 340 3022 contra
351 2972 553 3035 receptissimam
566 2971 636 3019 illam
645 2985 680 3021 ne
719 2973 917 3039 quadriennium
926 2985 1003 3021 anum
1012 2969 1187 3020 continuatam
1199 2984 1252 3019 mo·

145 3046 232 3097 dlcarn
242 3048 437 3111 prejudicatam
451 3057 502 3099 tam
510 3049 594 3113 bajus,
603 3065 680 3115 qnam
720 3048 764 3112 dn,
774 3063 826 3099 non
837 3049 864 3097 lu
881 3061 975 3097 anunm
993 3045 1028 3095 U.
1040 3046 1070 3095 C.
1081 3057 1250 3094 noenu-re·

144 3127 382 3190 superlorlasaeeuli
391 3128 602 3193 opinionemque
611 3130 680 3179 iuter
720 3138 775 3174 runi
785 3123 870 3187 potius
881 3134 1011 3171 nccxxrr.
1025 3118 1176 3181 incurrisse,
1186 3134 1251 3185 prrs-

143 3199 241 3251 tibulli
251 3214 282 3250 ao
294 3201 382 3251 Ovidii
395 3202 504 3252 Natales
513 3204 609 3252 nnllnrn
622 3203 680 3254 bac·
720 3206 761 3250 ter
772 3205 882 3250 mentem
893 3195 1052 3259 Interpretis
1063 3195 1176 3245 Horatii.
1207 3195 1250 3244 Li·

144 3283 222 3327 oeuus
232 3276 371 3327 discrimen
387 3276 501 3327 laetum:
520 3279 547 3327 in
559 3293 611 3343 qno
622 3286 678 3329 tan-
719 3277 795 3325 liauss
807 3273 983 3325 frustratiouis
994 3272 1129 3335 castigatio
1138 3272 1251 3323 allionis

145 3357 190 3402 tus
218 3351 436 3415 chronologorum
464 3367 537 3402 error
564 3351 623 3416 fait,
650 3362 679 3405 nt
718 3347 1145 3411 verblrminuscauteperpeusls‚
1162 3355 1250 3413 utap-

145 3433 209 3478 ante
228 3442 358 3492 egressum
377 3442 410 3477 ex
430 3428 537 3492 ephebis
555 3429 676 3492 Equitem
717 3432 802 3492 paret,
812 3432 890 3476 nata.
923 3425 1093 3473 Muceuatem
1110 3435 1205 3470 anuum
1222 3436 1249 3471 u·

143 3504 224 3554 iatum
238 3504 433 3553 Sulmonennem
445 3503 513 3553 ltaud
525 3510 606 3554 aetate
618 3518 676 3568 pro·
717 3516 778 3550 unm
798 3501 874 3550 modo
888 3506 934 3563 aut
952 3501 1061 3548 alterum
1077 3495 1189 3546 Horatio
1207 3510 1250 3546 an·

143 3586 223 3631 recta
234 3587 312 3645 atque
330 3579 432 3629 adultus
451 3579 537 3640 modo,
548 3594 637 3629 verum
648 3586 676 3630 et
716 3577 870 3641 pertimere,
880 3575 1007 3639 funusque
1023 3573 1089 3624 adeo
1105 3572 1197 3623 Positae
1208 3574 1248 3622 sui

139 3657 214 3721 josto
224 3671 325 3721 quoque
336 3657 434 3706 militine
442 3665 604 3706 sacramento
615 3672 675 3708 aue·
716 3653 818 3717 lugubri
836 3649 961 3717 Epicedio
980 3655 1182 3714 prosequamur:
1201 3663 1249 3698 uu·

143 3738 245 3782 toratns
262 3744 309 3793 pro
325 3731 380 3780 acri
391 3738 419 3780 ct
431 3739 537 3780 strenuo
549 3730 581 3779 ad
597 3732 676 3794 legio·
714 3728 749 3779 de
766 3728 866 3778 illorum
882 3726 981 3791 pariter
992 3724 1121 3774 bominum
1133 3723 1247 3773 denuda·
1304 3771 1309 3777 ,

143 3820 202 3857 atem
210 3805 336 3856 bellatore
345 3806 463 3856 laudatus
471 3804 675 3856 fuerit'llbullus
714 3814 758 3859 tur
776 3808 886 3870 inscitia,
897 3807 944 3871 qui
959 3805 1039 3854 vitam
1049 3803 1162 3866 Satyrici
1173 3803 1246 3866 bajus

142 3886 248 3932 noster:
265 3881 338 3930 donls
350 3881 456 3945 insuper
464 3881 619 3930 militaribus
627 3881 676 3930 vir·
714 3898 794 3948 snpra
811 3888 931 3948 quartum
948 3894 979 3929 ac
997 3878 1184 3942 scaagesimum
1202 3892 1246 3927 an·

143 3959 207 4009 tatis
218 3972 281 4021 ergo
292 3957 325 4007 ab
336 3957 491 4020 imperatore
507 3971 553 4005 auo
564 3957 672 4005 meritos
715 3971 775 4007 unm
786 3956 933 4021 producere
944 3955 1038 4005 conati.
1071 3955 1114 4004 De
1134 3955 1245 4018 Proper·

141 4034 315 4084 coltouestari.
348 4033 379 4084 ld
400 4035 558 4097 argumentis
579 4048 610 4083 ae
633 4047 673 4082 ra-
712 4034 776 4084 tlaul
795 4040 850 4083 turn
867 4031 966 4092 obitus,
987 4036 1041 4079 turn
1058 4029 1160 4080 Natalia
1176 4043 1244 4079 anuo

142 4109 256 4160 tlonlbns
273 4109 354 4176 multo
374 4108 570 4158 evidentissimis
588 4107 673 4158 firma-
712 4111 871 4173 conjectura.
917 4105 1045 4155 Tibullum
1071 4102 1161 4152 eadem
1187 4102 1243 4153 t‘ere

141 4192 207 4248 tum,
220 4187 253 4235 ad
272 4184 450 4235 furcillandam
467 4183 630 4248 suppositieil
644 4185 674 4234 il·
711 4190 879 4251 tempestate,
891 4197 941 4248 qua
952 4182 1098 4240 Maronem,
1109 4177 1171 4229 fatis
1182 4194 1242 4229 eon·

139 4262 189 4312 lira
209 4261 371 4311 Pentametri
387 4259 463 4309 iidem
479 4259 588 4321 scilieet,
598 4259 672 4322 cujus
713 4262 830 4322 cessisse,
845 4259 948 4309 oculato
959 4269 1062 4320 qnoque
1076 4253 1157 4304 Marri
1169 4253 1243 4303 testi·

141 4337 176 4386 do
186 4335 314 4386 Ovidium
333 4349 400 4398 penu
418 4334 518 4383 Tibullo
533 4333 672 4396 contionali
712 4338 797 4387 monio
814 4334 960 4400 probatum,
976 4337 1004 4381 et
1020 4330 1123 4395 quidem
1135 4327 1243 4392 qnadra-

140 4413 286 4463 oomurunio
303 4425 392 4460 omues
408 4410 440 4459 ad
456 4423 533 4458 nuum
544 4408 672 4473 Antiqua·
712 4412 816 4475 genarlo
835 4409 970 4472 majorem:
996 4405 1122 4468 nimisque
1144 4401 1241 4454 frustra

127 4527 128 4530 ,
139 4490 193 4539 rlos
204 4496 306 4537 nostros
314 4485 412 4535 frustra
420 4498 451 4533 ac
459 4483 536 4533 tatros
545 4483 672 4533 habuerat
711 4501 767 4537 ease
778 4501 832 4547 eoa,
843 4483 936 4548 qaibns
954 4481 981 4530 iu
999 4482 1055 4543 ipso
1066 4477 1241 4542 juvenilitatis

138 4573 226 4630 antea.
255 4564 418 4613 Eamlntem
429 4559 671 4609 Hornllunnuclo·
709 4561 773 4613 floro
784 4561 940 4610 exstinetam
950 4562 1026 4621 atque
1035 4554 1171 4605 antediem
1183 4568 1241 4618 pro·

139 4643 204 4692 ritas
212 4640 244 4690 sd
255 4645 343 4703 parles
354 4634 560 4699 addoots‚etiam
572 4632 669 4690 Ovidii,
710 4645 801 4703 panto
810 4633 901 4686 sumre
909 4632 1004 4682 clatnm
1013 4632 1176 4697 placet,euar
1184 4630 1239 4683 llo·
