2760 5130
180 705 226 804 34
610 719 658 769 nn
682 718 848 768 rinunue

183 864 393 930 Carminibus
408 862 536 928 confide
550 864 665 928 bonis:
683 865 779 947 jacet
792 880 872 927 ecee
885 861 1049 928 Tibullus.

225 966 296 1030 Vix
310 971 421 1029 munet
436 985 454 1029 e
470 970 564 1030 tento
575 964 680 1048 perra
694 964 785 1048 quod
800 983 885 1028 urna
900 966 1004 1048 cepit.

181 1069 286 1144 Tene,
302 1085 396 1131 sacer
408 1072 515 1144 vetes,
528 1065 669 1131 flemme
684 1083 824 1148 rapuere
838 1066 989 1148 rogeles;

225 1168 425 1232 Pectoribus
435 1168 530 1250 pesci
543 1187 603 1231 nee
616 1169 753 1231 timuere
768 1168 860 1231 tuisi

182 1271 295 1335 Aures
309 1277 498 1335 sauctorum
511 1271 698 1352 potuissent
710 1268 834 1351 templs
848 1268 998 1332 Deorum
1031 1328 1037 1338 .

226 1370 339 1449 Urere,
353 1389 430 1455 quse
446 1373 570 1434 tentum
584 1370 769 1434 sustinuere
782 1369 885 1433 nefas.

181 1470 311 1536 Avertit
325 1472 446 1548 vultus,
461 1469 582 1552 Erycis
597 1489 672 1553 quse
686 1469 837 1553 possidet
849 1488 961 1534 eroes:

225 1574 311 1638 Sunt
325 1591 469 1656 quoque,
483 1572 541 1654 qni
554 1571 720 1656 lacrymas
735 1571 936 1636 continuisse
951 1579 1073 1654 negent.

181 1673 248 1738 Sed
263 1679 373 1738 temen
386 1671 450 1736 boc
464 1671 595 1747 melius,
611 1689 712 1754 quem
726 1672 756 1736 si
770 1671 932 1737 Phoescin
946 1673 1043 1739 tellus

223 1773 380 1855 Ignotum
392 1773 451 1836 rili
465 1773 698 1856 supposuisset
710 1773 823 1837 bumo.
953 1812 956 1817 -
1031 1808 1035 1814 ·

181 1873 274 1938 Hinc
289 1879 379 1938 certe
393 1871 548 1937 medidus
560 1872 713 1955 fugientis
727 1873 851 1956 pressit
864 1875 991 1939 ocellos

224 1973 355 2053 blaten
377 1973 459 2038 etin
473 1974 602 2038 cineres
614 1973 728 2038 ultime
742 1973 832 2038 dens
844 1975 926 2040 tulit.

181 2074 274 2139 Hinc
290 2093 384 2140 soror
397 2074 431 2139 in
442 2079 569 2158 purtem
581 2075 701 2138 misere
715 2093 793 2138 cnm
806 2081 911 2140 metre
925 2075 1051 2141 doloris

222 2174 337 2252 Venit,
351 2175 523 2239 inornatas
538 2173 696 2238 dilaniato
709 2192 834 2239 comes.

180 2274 331 2359 Cumque
344 2275 410 2340 tuis
423 2292 485 2338 sne
493 2275 673 2358 junxerunt
688 2272 910 2358 Nemesisque
924 2276 1080 2362 priorque

223 2375 368 2441 Oscula:
388 2396 448 2440 nec
461 2375 555 2440 solos
571 2375 748 2441 destituere
761 2395 869 2459 rogos.

180 2476 278 2542 Delie
293 2476 480 2554 discedens,
496 2475 654 2555 Felicius,
668 2477 786 2561 inquit,
800 2484 912 2543 emate

222 2577 302 2642 Sum
315 2578 395 2642 tibi:
417 2578 543 2656 vixisti,
559 2578 639 2643 dum
650 2585 728 2642 tuus
740 2578 827 2660 ignis
841 2597 939 2642 erem.

116 2665 119 2674 ’
180 2677 244 2742 Cui
259 2677 426 2758 Nemesis,
441 2677 534 2760 Quid
549 2681 624 2744 uisi
646 2681 708 2745 tibi
722 2680 788 2744 sint
801 2699 877 2745 mee
891 2679 1015 2746 dumus
1028 2682 1160 2748 delerit
1197 2725 1200 2732 ι

222 2777 281 2842 Me
295 2779 402 2843 tenuit
415 2779 563 2843 moriens
577 2778 746 2844 deficiente
759 2788 867 2843 menn.

178 2879 216 2943 si
231 2883 340 2944 tumen
352 2898 372 2942 e
384 2880 482 2944 nobis
498 2880 637 2962 aliquid,
653 2880 718 2944 nisi
729 2900 851 2946 nomen
862 2886 896 2945 et
909 2883 1038 2963 umbre,

221 2979 365 3060 Restet3
385 2982 420 3045 in
435 2980 552 3064 Elysia
566 2981 652 3046 velle
666 2980 826 3046 'libellus
839 2983 915 3048 erit.

178 3081 308 3146 Obvius
320 3083 397 3147 huie
413 3083 537 3162 venies,
552 3083 676 3149 beders
684 3083 848 3167 juvenilis
861 3085 992 3150 cinctus

218 3182 386 3265 Tempore
400 3201 474 3248 cum
489 3182 608 3260 Calvo,
623 3184 720 3249 docte
736 3182 879 3263 Catulle,
893 3194 963 3251 tuo.

176 3282 230 3348 Tu
244 3300 390 3365 quoque,
404 3283 433 3346 si
446 3282 566 3347 falsum
580 3288 632 3347 est
645 3286 796 3349 temerati
811 3287 934 3351 crimen
950 3288 1061 3366 amici,
1083 3342 1087 3347 .

220 3381 397 3464 Sanguinis
412 3390 513 3465 etque
527 3377 646 3446 enimse
662 3384 810 3466 prodige,
826 3384 934 3463 Galle,
951 3395 1032 3453 tuse.

179 3480 245 3546 His
259 3500 371 3562 comes
384 3485 500 3548 umbre
520 3488 580 3549 tue
602 3488 673 3564 est;
696 3485 829 3568 siquid
854 3486 954 3553 modo
982 3493 1131 3574 corporis
1154 3497 1270 3562 umbre

262 3588 334 3647 est:

219 3682 356 3747 Auxisti
370 3701 535 3761 numeros,
549 3684 637 3749 culte
651 3683 796 3765 Tibulle,
811 3688 898 3771 pios.

178 3782 266 3846 Osse
280 3782 403 3870 quiete,
419 3801 545 3864 precor,
560 3787 630 3847 tute
642 3784 837 3867 requiescite
851 3788 886 3852 in
900 3808 1001 3858 nme:

221 3881 264 3947 Et
278 3883 321 3946 sit
333 3881 453 3947 humus
466 3885 568 3949 cineri
582 3902 649 3948 non
665 3903 806 3951 onerose
820 3894 905 3953 tuo,
950 3898 953 3906 '

416 4080 510 4150 Idem
525 4080 641 4149 Amor.
655 4083 730 4149 Lib.
746 4101 772 4151 1.
794 4083 888 4169 Eleg.
904 4086 956 4151 15.
975 4088 1028 4154 27.

178 4261 295 4324 Donec
311 4268 406 4328 erunt
425 4263 520 4346 ignes
536 4284 701 4350 arcusque
716 4266 891 4350 Cupidinis
907 4288 1011 4347 orme,

220 4362 399 4427 Discentur
413 4367 552 4443 numeri,
575 4367 663 4432 culte
676 4368 822 4446 Tibulle,
846 4371 906 4433 tui.
