2760 5130
548 745 651 792 suun
676 746 843 792 'riunena
1169 730 1234 794 606

140 892 204 952 <lini
217 894 390 951 Veronensis
400 893 428 950 iu
438 889 601 963 Tibullum,
613 893 730 953 Antonii
741 896 887 953 Parthenii
903 896 930 952 in
948 883 1104 968 Catullum,
1116 908 1145 957 et
1159 898 1232 956 Phil.

142 988 282 1048 Beroaldi
308 989 336 1046 in
356 989 561 1066 Propertium.)
588 990 620 1046 ln
637 988 711 1048 fine:
734 990 959 1049 ‘commentarii
974 992 1001 1050 iu
1020 992 1200 1068 Propertium
1216 1014 1232 1051 a

143 1083 220 1144 Phil.
246 1084 389 1143 Beroaldo
410 1085 481 1142 editi
496 1103 571 1144 auno
589 1085 690 1144 salutis
717 1093 801 1155 1487.
826 1086 958 1163 impressi
973 1106 1041 1145 sero
1064 1089 1191 1147 Veneriis
1215 1111 1232 1145 a
1274 1150 1282 1167 ,

135 1174 257 1243 &neto
277 1178 426 1238 Incussus
450 1179 709 1255 Bergomensi,'nui
730 1183 894 1240 necessaris
916 1182 1049 1241 exhibuit
1063 1183 1168 1241 nobilis
1191 1184 1232 1240 vir

142 1273 323 1334 Octavianus
348 1274 455 1332 Scotus
486 1274 698 1336 Modoetensis:
719 1295 794 1334 anno
815 1278 1002 1353 nonagesimo
1030 1278 1123 1355 primo
1144 1299 1231 1356 supra

138 1368 325 1431 millesimum
341 1387 377 1427 ac
390 1369 719 1446 quadringentesimum.
735 1372 770 1429 V.
788 1371 859 1429 ldus
870 1372 1063 1432 Decembris!
1091 1376 1220 1433 Venetiis

141 1465 197 1538 fol.
211 1467 296 1524 Mera
305 1474 350 1523 est
371 1464 507 1541 repetitio
521 1465 659 1524 editionis
674 1468 801 1525 Venetae.

138 1602 141 1607 -
187 1571 264 1633 1493
284 1560 431 1634 Tibullus,
445 1561 590 1633 Catullus,
608 1561 775 1638 Propertius
790 1581 856 1621 eum
878 1564 1093 1623 commentariis
1110 1566 1232 1624 bernar·

142 1656 206 1716 diui
230 1657 414 1727 Veronensis,
431 1660 501 1715 Ant.
518 1657 671 1729 Parthenii,
690 1658 763 1716 Phil.
792 1659 936 1718 Beroaldi.
980 1661 1155 1737 lmpressum
1181 1682 1233 1739 per
1356 1724 1361 1738 ,

143 1753 301 1832 Symonem
315 1752 473 1828 Besssaqua
488 1751 669 1829 Pupiensem.
683 1753 784 1813 Venet.
800 1753 852 1812 fol.
865 1755 951 1812 Nova
962 1764 1008 1813 est
1026 1755 1167 1831 repetitio
1177 1758 1233 1815 Ve-

141 1859 232 1909 oetae.
261 1849 318 1910 Sed
344 1860 372 1908 et
387 1848 462 1907 inter
483 1848 660 1907 incunabula
684 1849 755 1908 artis
776 1859 892 1926 typogr.
912 1850 941 1907 in
966 1849 1041 1907 Bibl.
1059 1851 1232 1911 Uffeuhaeh.

139 1943 227 2003 ersis.
240 1943 279 2002 T.
295 1959 335 2003 11.
350 1962 420 2021 app.
436 1964 469 2022 p.
487 1950 553 2003 135.
569 1944 724 2021 separatim
740 1942 872 2002 refertur.

191 2047 266 2100 1500
286 2039 424 2098 Tibullus
436 2058 502 2097 curn
517 2040 732 2098 commentariis
747 2040 879 2117 Cyllenii
895 2040 1073 2098 Veronensis.
1097 2041 1231 2101 Catullus

139 2154 213 2195 eum
223 2135 435 2194 commentariis
447 2134 591 2194 Parthenii
601 2135 784 2206 Veronensis,
794 2145 825 2192 et
838 2134 958 2194 Palladii
970 2136 1111 2194 Patavini.
1128 2137 1234 2196 Emeu-

142 2231 280 2291 slatioues
294 2231 464 2291 Catullinum
483 2250 537 2309 per
559 2232 679 2289 Hieron.
706 2231 865 2289 Araueium
893 2231 1096 2302 veronensem,
1108 2244 1138 2291 et
1159 2234 1236 2309 ejus·

139 2334 212 2393 ilem
238 2333 268 2391 in
293 2333 423 2410 Priapeia
451 2335 671 2410 Castigationes.
723 2335 891 2412 Propertius
920 2353 987 2393 eum
1016 2339 1234 2396 commentariis

145 2427 273 2506 Philippi
288 2428 432 2487 Beroaldi.
455 2429 665 2488 Annotationes
678 2429 707 2486 in
729 2429 913 2506 Propertium
931 2440 991 2488 turn
1008 2448 1059 2506 per
1075 2432 1235 2492 Domitium

142 2515 345 2594 ealderioum,
361 2533 422 2583 tum
438 2542 490 2601 per
510 2526 689 2583 saeorum
705 2526 909 2583 veronensem.
953 2525 1026 2583 lloeo
1046 2527 1144 2585 omnia
1168 2544 1236 2591 suut

147 2639 184 2678 ex
210 2621 424 2699 exemplaribus
451 2620 613 2680 emendatis
645 2621 763 2680 Domini
785 2621 907 2680 Hieron.
932 2621 1064 2679 Avanoii.
1093 2624 1182 2697 (Haeo
1206 2626 1235 2681 in

143 2715 211 2794 ipsa
225 2716 291 2775 libri
317 2717 409 2774 lronte
435 2717 603 2793 praescripta
626 2719 720 2791 sunt.)
751 2718 812 2775 Sub
837 2716 941 2774 finem:
965 2714 1160 2793 ‘Impressum
1183 2720 1236 2776 Ve-

143 2815 233 2875 netiis
249 2833 301 2890 per
314 2815 360 2872 Jo.
382 2813 420 2872 de
442 2813 568 2872 'Pridino
583 2815 620 2873 de
645 2816 752 2874 Cereio
774 2815 844 2872 alias
869 2814 1046 2883 Tacuinum,
1063 2829 1168 2876 cloto.
1190 2817 1236 2873 die

148 2930 218 2969 vero
233 2924 309 2969 ιιι.
333 2908 418 2984 Maji.
439 2909 590 2986 Regnante
605 2909 713 2986 inclyto
728 2909 861 2986 principe
877 2909 1038 2986 Augustino
1054 2911 1237 2969 Rarhadico.'

150 3005 213 3064 Pol.
235 3006 303 3064 Non
319 3003 483 3080 infrequens
496 3015 541 3062 est
567 3003 630 3062 haee
654 3003 753 3063 editio.
797 3007 891 3063 Etiam
907 3025 941 3063 ex
957 3005 1155 3081 superioribus
1180 3008 1235 3063 Ve-

141 3101 221 3160 netis
241 3087 361 3177 repetita
380 3112 437 3171 est,
462 3102 612 3179 exemplar
626 3111 721 3159 tamen
749 3102 786 3160 ab
810 3101 937 3160 Arruntio
956 3100 1069 3158 menslis
1098 3110 1236 3178 typogra·
1265 3144 1268 3152 .

138 3197 244 3278 ‘phieis
258 3205 413 3274 purgatum
428 3215 489 3255 esse
502 3196 616 3267 debuit,
630 3207 698 3254 aute
721 3214 808 3274 quam
834 3195 930 3272 operis
956 3194 1075 3253 librariis
1089 3196 1237 3254 excuden-

147 3294 219 3353 dum
234 3292 404 3352 traderetur.

154 3381 157 3389 ’
188 3389 318 3448 -hlhii
332 3387 453 3457 Tibulli,
468 3387 747 3465 Elegiogrsphomm
773 3389 887 3465 optimi,
910 3387 1008 3466 Elegia
1032 3389 1069 3446 de
1083 3407 1184 3447 amore
1208 3399 1237 3446 et

148 3485 286 3544 leudibus
302 3485 438 3544 Messalae
452 3503 505 3561 per
528 3485 593 3542 Jac.
615 3475 772 3543 Tlramner.
805 3484 922 3562 Lipsiae
946 3495 974 3544 4.
1000 3485 1089 3543 Extat
1109 3484 1138 3542 in
1164 3483 1236 3543 bibl.

147 3580 241 3641 Eleet.
258 3565 426 3649 Dresdensi,
451 3579 501 3636 sed
524 3581 585 3637 sine
603 3581 670 3638 anni
692 3573 723 3638 et
746 3581 923 3658 typographi
943 3580 1000 3638 ulla
1021 3580 1178 3659 mentione,
1203 3599 1238 3637 ex

145 3677 300 3736 ·lllaittario
331 3675 506 3754 supplenda.
542 3677 701 3735 literarum
722 3677 786 3755 typi
811 3688 879 3735 sunt
903 3676 1079 3756 neogotlrici.
1101 3675 1237 3735 Curatum

149 3794 214 3833 esse
227 3773 383 3831 editionem
410 3792 426 3829 a
450 3772 596 3849 Gregorio
621 3771 788 3842 Conicensi,
812 3793 847 3830 ex
874 3771 983 3831 leichii
1005 3771 1107 3830 hunul.
1135 3773 1238 3850 Typo·

148 3869 252 3947 grapb.
268 3869 346 3945 Lips.
361 3889 392 3947 p.
408 3866 456 3935 76.
471 3876 561 3945 patet.
577 3866 744 3925 Refereuda
761 3887 797 3925 ea
812 3879 856 3925 est
870 3867 907 3925 ad
923 3865 1046 3925 classem
1062 3867 1181 3924 alteram
1204 3886 1239 3924 ex

146 3966 262 4023 Veneta
281 3973 366 4032 1475.
383 3963 553 4022 deductam.

195 4069 271 4121 isso
292 4059 371 4118 sinn
397 4057 509 4116 mum
534 4057 690 4134 elegiarum
715 4057 780 4115 nun
805 4072 850 4115 ιν.
877 4077 934 4115 uua
953 4075 1021 4116 eum
1046 4057 1110 4114 var.
1134 4057 1241 4114 caium

150 4156 376 4235 epigrammalis,
392 4175 444 4212 nec
460 4174 517 4212 non
534 4142 614 4212 Sext.
632 4154 773 4232 Propertii
796 4153 860 4212 libri
877 4169 923 4210 rv.
948 4152 1066 4230 elegiaci
1091 4172 1158 4209 oum
1180 4155 1240 4210 suis

144 4251 376 4320 'commentariis
390 4250 524 4309 videlicet
538 4249 671 4328 Cyllaenii
686 4249 859 4308 Veronensis
874 4249 903 4306 in
916 4245 1078 4315 Tibullum,
1092 4246 1239 4305 Parthenii

150 4329 315 4408 &tranans
329 4349 356 4405 n
371 4346 530 4414 carutium,
553 4356 582 4403 es
605 4346 679 4404 eurr.
695 4346 828 4404 anonas
848 4347 877 4403 n
903 4343 1098 4421 Propertium.
1140 4344 1240 4401 naues

150 4445 266 4527 insuper
279 4443 495 4503 emendationes
519 4443 547 4500 in
563 4443 658 4519 ipsum
675 4443 823 4501 Catullum
839 4461 891 4519 per
905 4441 985 4499 llier.
1006 4438 1167 4497 Avuncium
1184 4441 1241 4497 Ve-

151 4520 314 4600 ronensem.
352 4541 474 4598 Necnon
504 4549 533 4597 et
557 4538 804 4612 castigatissimum
829 4534 957 4596 tabulam
981 4535 1110 4594 omnium
1136 4552 1240 4606 rerum,
