2760 5130
140 100 184 162 42
574 117 618 159 ur.
644 116 805 160 cinctio

140 259 253 341 itaque
267 255 452 339 composite
468 256 603 320 diversa
619 268 807 332 connectat,
833 267 872 318 ut
889 261 921 320 iu
944 278 977 318 rc
997 258 1170 339 multiplici
1195 278 1233 318 ar

141 357 305 442 perraria,
318 358 481 440 integrum
494 363 608 420 tamen
627 376 667 420 ac
685 365 897 439 perpetuum,
913 378 1011 441 quam
1028 360 1158 439 longum
1174 370 1234 432 cst,

140 458 231 522 iilum
245 458 381 524 existat.
426 456 752 536 Quoszrancisous
776 457 891 523 Molsa
912 459 1107 542 planissime
1121 462 1234 539 sensit,

140 560 200 642 qui
215 561 258 623 ad
271 559 370 643 bajus
384 559 562 640 imaginem
575 558 702 640 optime
717 558 865 623 omnium
878 578 995 623 versus
1009 558 1168 624 faciebat.

324 741 433 805 Lucas
448 739 616 806 Fraterius
631 739 815 804 Verisimil.
831 738 906 803 Lib.
923 756 947 802 1.
968 758 999 804 e.
1010 739 1044 803 6.

185 890 275 955 Eece
294 889 412 952 iterum
434 887 478 951 ad
499 887 668 952 Tibullum
689 886 876 965 relabimur,
897 886 994 950 nimis
1016 886 1103 950 enim
1118 892 1235 952 auctor

139 992 195 1057 illa
203 990 299 1055 uobis
309 989 431 1073 placet,
442 1007 518 1053 cnm
527 989 684 1054 dictionis
696 990 848 1072 puritate,
858 993 926 1053 tum
938 988 1063 1072 proprii
1075 990 1234 1052 sermonis

139 1092 313 1176 elegantia.
357 1089 481 1153 Dicant
501 1096 535 1154 et
556 1091 704 1154 sentiant
726 1090 786 1154 alii
804 1090 898 1173 quod
914 1090 1030 1154 -velint
1074 1087 1145 1170 Ego
1166 1106 1234 1152 non

139 1211 265 1268 vereor,
284 1189 374 1274 quod
399 1190 472 1254 scio
495 1188 662 1273 quosdam
685 1191 780 1268 velie,
805 1210 847 1254 ne
869 1190 1021 1254 Tibullus
1046 1195 1159 1255 noster
1182 1188 1234 1252 illi

140 1291 305 1362 socundus
330 1290 400 1370 fiat,
429 1291 527 1374 cujus
549 1292 694 1356 facilitas
715 1298 749 1356 et
768 1292 903 1369 luxuria
924 1291 1049 1374 antiqui
1074 1291 1234 1373 temporis

139 1390 342 1458 doctissimis
363 1411 481 1477 parum
502 1395 636 1459 omnino
658 1398 753 1476 grata
773 1393 848 1471 fuit,
871 1396 1027 1476 quantum
1040 1408 1086 1454 ex
1099 1390 1232 1461 illorum
1358 1425 1363 1436 ·

138 1493 274 1576 scriptia
295 1493 447 1574 colligere
475 1500 528 1557 est
556 1493 664 1567 nobis.
708 1492 776 1558 Sed
804 1512 879 1568 nos,
908 1490 1022 1568 credo,
1052 1509 1128 1554 cnm
1157 1489 1232 1554 brec

138 1594 240 1659 nimis
253 1595 353 1658 anxie
374 1595 612 1679 persequimur,
634 1595 817 1660 doctiorum
839 1592 881 1656 de
901 1593 954 1656 bis
969 1591 1100 1675 J'udicio
1115 1609 1232 1673 parum

138 1693 284 1773 fidimus,
298 1714 437 1779 quorum
451 1695 591 1760 eandem
613 1715 686 1760 esse
709 1696 900 1778 opinionem
915 1699 1001 1758 certo
1013 1692 1232 1757 dubitandum

138 1800 192 1859 est
204 1795 337 1859 nemini.

138 1976 287 2042 Joannes
316 1976 447 2043 Pierius
475 1979 677 2045 Valerianus
706 1981 814 2044 Serm.
844 1978 887 2041 de
923 1977 1114 2042 Studiorum
1143 1953 1235 2040 (lon-x

618 2079 752 2146 ditione.

265 2210 442 2277 Sermones
456 2213 504 2278 ait
517 2213 584 2291 hio,
599 2220 694 2280 vates
709 2213 889 2291 Venusiae,
902 2166 1015 2278 securi

266 2311 364 2377 Caedi
378 2333 477 2397 poese
492 2319 591 2394 tu0s3
612 2335 745 2380 crassos
759 2319 899 2379 accusat
911 2319 945 2378 et
958 2313 1040 2378 odit.

265 2413 331 2478 Est
343 2415 398 2479 oui
412 2416 457 2480 sit
470 2416 562 2481 docti
577 2416 713 2482 libertas
728 2416 812 2482 dura
826 2415 968 2479 Catulli:
990 2490 993 2495 Α

264 2515 408 2598 Virgilio
423 2517 589 2600 ingenium
604 2519 663 2601 qui
676 2520 799 2596 demat,
813 2522 947 2601 propter
962 2513 1166 2580 Homerum:

266 2614 337 2693 Qui
351 2617 413 2681 tibi
426 2617 601 2682 mollitiem
615 2619 698 2682 vitio
712 2618 779 2695 det,
794 2625 880 2683 tersa
894 2615 1037 2682 Tibulle

193 2793 349 2859 Laevinus
362 2795 551 2864 Torrentius
565 2798 749 2865 comment
764 2800 799 2862 iu
813 2796 934 2863 Horat.
952 2812 976 2860 1.
998 2794 1065 2860 Od.
1079 2793 1174 2860 33.1.

192 2893 196 2907 Ι

179 2941 282 3007 Hunc
296 2939 431 3011 Albium
445 2945 614 3012 Tibullum
628 2946 747 3023 fuisse,
769 2946 867 3029 cujus
888 2946 983 3029 Elegi
996 2965 1081 3010 nunc
1096 2963 1229 3029 quoque

136 3047 316 3127 tantopere,
331 3049 365 3109 et
386 3065 468 3111 sane
490 3067 557 3112 nou
578 3047 753 3125 immerito,
780 3047 824 3111 ob
845 3066 1007 3111 summam
1020 3046 1228 3127 elegantiam,

135 3147 169 3206 et
181 3142 292 3211 Latini
307 3146 469 3210 sermonis
482 3148 671 3231 puritatem,
692 3166 714 3212 a
738 3146 849 3212 doctis
871 3147 1028 3212 omuibus
1041 3147 1227 3222 laudantur,

134 3259 232 3307 nemo
247 3250 432 3327 temporum
453 3247 577 3330 peritus
597 3249 778 3330 negaverit.
821 3247 902 3316 Hoc
924 3247 1098 3313 dolendum
1120 3247 1228 3333 (quod

135 3342 237 3407 etiam
262 3341 399 3409 Horatii
426 3346 481 3412 bic
508 3347 699 3415 testimonio
724 3349 810 3414 satis
836 3347 982 3433 constat)
1003 3349 1108 3414 multa
1135 3348 1227 3414 iltius

134 3442 312 3510 tersissimi
326 3446 442 3513 Poiitas
456 3447 612 3513 Carmina
626 3450 814 3515 desiderari.

134 3607 241 3676 Janus
253 3609 453 3680 Gulielmius
468 3612 597 3695 Quaest
619 3617 654 3680 in
674 3616 788 3682 Plauti
803 3615 949 3683 Rudent.
965 3636 994 3680 c.
1008 3618 1040 3682 b.
1063 3617 1108 3681 ad
1120 3615 1144 3680 J
1146 3634 1240 3695 aco·⁸

443 3715 522 3780 bum
536 3714 724 3825 (lortiuium
740 3715 915 3781 Cisseum.

391 3863 396 3868 ’
451 3882 464 3892 ·
486 3864 585 3929 valde
606 3865 766 3930 delector:
788 3864 907 3947 opinor
927 3871 961 3930 et
974 3869 1022 3943 tu,
1035 3864 1059 3929 J
1062 3911 1069 3927 .
1085 3863 1224 3944 Cissaae,
