2760 5130
408 334 417 349 ο

854 363 857 372 r

1180 391 1185 410 1

539 727 745 780 cumulum.
1148 719 1190 786 13

89 883 126 944 et
154 873 384 943 Barloiioiana
413 873 584 953 discedas,
616 876 682 942 nisi
709 875 816 954 fallor,
846 895 970 943 omnes.
1035 877 1188 963 Venetae,

90 999 194 1065 qnam
209 978 334 1054 dicunt,
358 998 390 1044 a.
404 976 500 1043 1472.
523 996 544 1042 a
557 977 725 1043 nullodum
739 978 874 1045 Editore
888 978 1069 1046 adhibitam
1083 983 1189 1050 diver-

89 1079 460 1146 sitatemeParisiensi
473 1079 631 1161 exemplo
654 1081 804 1145 enotavit
829 1087 865 1145 et
887 1101 1017 1148 mecum
1043 1103 1189 1151 commn-

88 1183 222 1248 nicarit
234 1171 480 1247 eruditissimus
494 1180 634 1258 Bardili,
661 1183 886 1265 praetermisso
907 1189 1016 1249 tamen
1035 1185 1187 1253 Carmine

89 1284 135 1350 ad
164 1282 361 1362 Messalam,
385 1282 478 1367 quod
493 1288 611 1367 postea
625 1303 702 1349 cnm
718 1282 781 1347 Ed.
798 1283 912 1368 Heyn.
926 1304 957 1349 a.
972 1286 1071 1353 1777.
1096 1308 1186 1355 com·

89 1387 226 1471 paravit
238 1387 327 1452 alins
341 1386 393 1450 vir
407 1385 526 1452 doctus
544 1385 588 1450 ad
611 1385 801 1468 exemplum
828 1384 1121 1468 Argentoratense,
1142 1410 1187 1457 ex

90 1509 162 1573 quo
177 1489 220 1566 is,
236 1486 458 1572 quamprimo
474 1488 551 1552 loco
573 1487 754 1565 nominari,
770 1486 953 1566 Bardilius,
968 1508 1020 1553 rne
1041 1497 1187 1573 rogante,

90 1589 312 1673 diplomatica
325 1587 391 1653 fide
405 1587 585 1672 descripsit
607 1588 788 1672 specimen
811 1586 976 1655 Carminis
992 1591 1034 1656 ad
1058 1592 1189 1659 Messa·

91 1692 162 1757 lam
195 1709 294 1757 aas.
310 1690 451 1757 54-78.
480 1691 602 1775 qnibns
631 1690 783 1758 versibus
817 1692 1007 1758 continetur
1033 1693 1189 1778 Epitome
1316 1720 1318 1724 ·

91 1813 239 1859 errorum
276 1791 424 1876 Ulyssis,
460 1810 624 1875 expressa
647 1791 691 1857 ad
726 1791 915 1876 odysseam
941 1801 976 1857 Ψ.
1004 1793 1188 1862 810-338.

92 1895 173 1962 Hoc
189 1895 379 1979 Spccimen,
403 1894 462 1959 aeri
486 1893 641 1971 incisum,
665 1913 742 1958 cnm
756 1894 901 1959 editione
915 1899 1028 1960 nostra
1040 1897 1189 1981 vulgabi-

94 2008 155 2062 tur.
200 1996 391 2063 Romanam
405 2017 437 2063 a.
451 1997 549 2062 1475.
577 1994 788 2061 Vicentinam
802 2016 832 2061 a
848 1995 945 2061 1481.
978 1996 1189 2080 Lipsiensem

91 2117 137 2163 ex
151 2097 284 2164 officina
296 2099 465 2165 Thanneri
480 2119 511 2164 a
526 2100 623 2164 1500.
638 2105 673 2163 et
689 2098 774 2163 alias
791 2098 958 2181 Heynius,
979 2097 1142 2191 Venetm
1157 2121 1188 2164 a.

90 2199 189 2265 1475.
219 2199 441 2283 Rhegionsem
465 2220 497 2266 a.
519 2200 617 2267 1481.
648 2198 856 2265 Brixiensem
882 2218 913 2264 a.
934 2198 1031 2266 1486.
1063 2208 1098 2267 et
1120 2202 1190 2268 Ve-

91 2306 202 2367 netam
223 2301 372 2367 111487.
401 2321 478 2366 cnm
503 2299 749 2367 Commentario
767 2298 911 2383 Cyllenii
937 2303 1189 2370 accuratissime

91 2409 309 2468 excusserunt
343 2403 423 2469 Nic.
452 2404 618 2469 Heinsius
646 2410 681 2469 et
709 2402 949 2469 Broukhusius.
1016 2404 1088 2489 Ego
1116 2406 1189 2492 ipse

93 2504 205 2570 denno
235 2507 432 2588 comparavi
458 2507 630 2572 lectionem
657 2504 856 2584 vicentinae,
897 2504 1111 2588 Rhegiensis,
1144 2513 1188 2588 et,

93 2624 179 2689 quas
202 2606 278 2691 ipse
295 2606 466 2691 possideo,
485 2607 621 2673 Venettr
644 2625 676 2672 a.
690 2606 787 2671 1491.
814 2613 851 2671 ot
871 2627 902 2672 a.
926 2609 1112 2675 14911110
1135 2628 1190 2674 me
1233 2600 1236 2604 ’

91 2707 231 2791 poenitet
263 2707 395 2790 repetiti
428 2709 561 2773 laboris.
627 2708 719 2774 Nam
746 2716 781 2772 ct
803 2709 838 2773 in
867 2708 1052 2776 Vicentina
1083 2711 1190 2777 multa

92 2808 188 2873 aliter
210 2828 258 2874 se
272 2808 397 2874 babere
422 2810 578 2893 cognovi,
606 2829 708 2894 quam
730 2810 900 2893 proditum
915 2817 967 2877 est
981 2814 1025 2877 ab
1041 2811 1190 2896 Hcynio,

92 2929 124 2974 v.
138 2929 169 2974 c.
194 2909 348 2975 111.3.l.
372 2930 436 2976 nec
459 2913 493 2975 in
516 2911 699 2994 Rhegiensi
723 2910 842 2986 defuit,
864 2912 955 2996 quod
980 2914 1191 2997 discreparet

92 3029 115 3086 a
135 3012 305 3078 notatione
332 3012 531 3100 Heinsiana,
554 3034 587 3079 v.
600 3034 631 3078 c.
648 3030 672 3077 ι.
687 3013 720 3077 3.
735 3014 789 3077 51.
832 3012 866 3076 Α
882 3012 1064 3095 Rhegiensi
1077 3033 1190 3079 exem·

90 3114 161 3198 plo,
177 3135 244 3199 quo
258 3134 342 3181 usos
356 3135 441 3195 sum,
457 3116 571 3180 aberat
589 3114 727 3199 plagula
741 3120 905 3191 extrema,
927 3115 981 3179 cui
993 3114 1189 3198 impressum

92 3222 143 3280 est
156 3216 222 3282 loci
236 3223 269 3282 et
282 3218 360 3283 anni
380 3216 554 3294 indicium,
576 3224 614 3282 nt
628 3218 671 3282 ab
685 3217 791 3295 initio,
816 3235 894 3281 cnm
915 3215 997 3280 mihi
1012 3216 1190 3283 traderetur

93 3337 113 3382 e
140 3319 352 3386 Bibliotheca
374 3321 470 3405 Lips.
495 3321 670 3386 Senatoria
689 3340 711 3385 a
729 3321 920 3397 Blumnero,
940 3317 1025 3383 Viro
1048 3319 1188 3398 illustri,

91 3421 265 3502 nescirem,
287 3442 443 3507 quaenam
457 3423 531 3488 baeo
549 3428 640 3488 esset
662 3421 783 3487 Editio·
828 3420 915 3487 Mox
930 3427 1042 3486 tamen
1055 3422 1189 3504 agnovi,

92 3541 167 3587 esse
182 3523 413 3607 Rhegiensem,
430 3525 711 3609 eeomparatione
723 3524 860 3589 alterius
871 3523 1032 3608 exempli,
1045 3541 1192 3588 commo-

92 3623 162 3690 dati
177 3625 257 3691 mibi
282 3631 350 3692 tum
374 3647 398 3690 a
412 3627 544 3691 Diezio.
589 3625 668 3690 Hoc
695 3629 842 3690 notatum
868 3631 924 3689 est
948 3623 1063 3687 multis
1086 3621 1190 3687 anim·

92 3724 344 3794 adversionibns
359 3727 547 3795 Alexandri
563 3727 750 3812 Synclitici,
765 3726 848 3791 illud
865 3725 967 3810 Casp.
982 3725 1122 3805 Barduli,
1132 3727 1190 3810 qui

90 3847 171 3894 snas
182 3830 216 3895 in
229 3830 401 3897 Tibullum
417 3830 529 3897 Notas
543 3831 617 3914 ipse
630 3827 746 3894 laudat
761 3826 804 3893 ad
816 3828 913 3893 Statii
929 3843 984 3891 111.
994 3826 1101 3892 Theb.
1112 3828 1189 3895 276.

91 3929 281 4000 Alexandri
309 3933 483 4018 Synclitici
512 3932 761 3998 annotationem
791 3936 984 4014 perpetuam
1012 3931 1189 4015 perlegere,
1318 3965 1323 3975 ·

90 4034 194 4100 immo
209 4054 402 4120 excerpere,
417 4054 477 4100 nec
503 4035 598 4119 potui
615 4052 677 4098 nec
692 4031 804 4112 volui3
828 4031 961 4114 qnando
976 4033 1064 4096 enim
1080 4031 1190 4097 finitu-

90 4135 173 4199 rus‘l
196 4134 259 4199 sed
281 4135 464 4218 diligentiae
487 4136 638 4212 aliorum,
663 4132 724 4218 qui
747 4139 828 4216 post
840 4153 894 4197 me
909 4133 962 4198 his
978 4131 1188 4198 Carminibus

90 4235 297 4302 illustrandis
320 4257 457 4321 operam
483 4237 618 4317 dabunt,
644 4234 878 4302 excutiendam
903 4235 1035 4319 reliqui.
1086 4232 1189 4298 Nunc

91 4341 194 4404 etiam
207 4341 245 4404 in
258 4342 413 4407 manibus
429 4341 540 4407 babeo
556 4341 719 4407 Venetam
735 4358 765 4403 a.
781 4337 878 4402 1487.
892 4340 1028 4401 missam
1042 4353 1190 4401 commo-

91 4441 134 4506 de
148 4461 171 4508 a
192 4443 397 4522 Wilckenio,
421 4445 493 4510 viro
509 4444 728 4518 amicissimo,
752 4440 809 4524 qui
825 4459 878 4503 me
890 4443 923 4502 et
947 4443 1145 4521 praesentem
1157 4444 1191 4504 et

92 4545 264 4611 absentem
287 4547 378 4611 omni
392 4545 492 4612 modo
507 4544 697 4612 sublevavit
722 4542 834 4627 copiis
849 4537 1069 4606 biblotheca
1085 4539 1190 4605 Bero-

90 4649 242 4729 lincnsis,
267 4668 336 4736 qua
349 4648 442 4756 nulla
456 4647 554 4716 bodie
575 4647 762 4716 instructior
775 4651 826 4712 est
849 4642 1060 4729 amnltiplici
1083 4659 1190 4728 appa-
