2760 5130
537 706 624 755 vrrs
651 706 817 772 risuum.
1170 689 1214 760 29

252 852 280 898 1⁵
311 848 417 910 Salassi,
427 848 554 910 Taurisci,
566 847 687 912 Iapydes,
698 849 792 913 aliique
804 849 959 899 rebellantes
971 847 1069 914 pupuli,
1086 851 1213 904 Pannonii

267 966 273 972 .
347 929 418 988 item,
434 943 450 976 a
467 929 571 976 Cressrc
589 926 713 976 debellati
735 934 804 990 sunt,
820 928 861 976 cni
880 929 978 977 militia
995 929 1133 979 Messalam
1151 948 1221 996 qno-⁴

346 1022 397 1073 que
410 1006 560 1057 interfuisse
571 1007 705 1071 probabile
717 1013 776 1055 est:
793 1021 819 1056 v.
833 1007 881 1056 Dio
893 1020 968 1058 xsrrr.
979 1012 1084 1059 td-tt.

136 1099 143 1112 ·
250 1092 282 1137 lu
312 1089 373 1138 Hoc
383 1095 430 1137 aut
439 1093 565 1150 sequente
575 1099 641 1134 anuo
651 1086 773 1146 Messala,
793 1087 905 1149 Legatus
922 1089 1033 1138 eesssts
1051 1090 1149 1153 missus,
1166 1092 1211 1140 Sa·

344 1169 425 1218 lassos
437 1169 552 1231 aliosque
563 1181 621 1215 cum
633 1166 664 1215 ils
675 1167 768 1215 iterum
779 1166 936 1216 rebellantes
946 1169 1054 1231 populos
1065 1169 1174 1221 devicit:
1185 1186 1211 1221 v.

345 1248 397 1296 Dio
407 1259 487 1296 xux.
498 1250 540 1295 ³8.
556 1247 625 1294 inter
636 1258 699 1309 quos
715 1243 840 1308 Iapydas,
859 1245 1014 1309 Pannonios,
1035 1253 1062 1296 ct
1080 1246 1209 1314 Arupinos

344 1325 424 1376 fnisse
435 1341 450 1376 e
462 1340 501 1376 tv.
515 1331 538 1376 l.
549 1329 605 1377 lot.
616 1340 672 1389 sqq.
689 1324 809 1373 discimus
819 1341 825 1374 :
840 1339 864 1373 r.
874 1325 909 1373 ibi
921 1331 976 1377 not.

313 1405 356 1457 Ad
374 1407 443 1456 bunc
460 1421 552 1456 annum
563 1404 722 1455 Sanadouius
733 1405 867 1454 Horatiis.
887 1407 970 1469 Epist.
979 1410 1005 1456 l.
1022 1407 1031 1436 ⁴
1043 1406 1102 1457 Albi
1113 1418 1211 1461 nostro·

345 1501 402 1537 rum
418 1502 438 1535 s.
450 1487 457 1507 '
469 1485 559 1536 refert.

250 1569 283 1617 la
315 1568 410 1618 ConsM
422 1582 472 1616 uua
485 1583 543 1617 cnm
562 1568 666 1616 Caesare
677 1566 762 1616 iactus
772 1572 814 1615 est
824 1567 946 1627 Messala,
967 1574 994 1616 et
1012 1567 1133 1631 eundem,
1152 1568 1211 1620 cusu

346 1649 467 1699 adversus
479 1648 619 1699 Antonium
630 1648 690 1707 iret,
702 1653 814 1707 secutus,
832 1661 926 1709 pugnae
943 1646 1060 1696 Actiacae
1078 1649 1211 1711 interfuit;

345 1743 421 1794 aqna
431 1743 480 1779 nec
489 1729 616 1779 Tibullum
635 1727 747 1777 abfuisse
764 1726 939 1776 contendebat
954 1728 1121 1792 Sauadonins,
1141 1732 1211 1781 nulla

347 1808 478 1859 cumfide.

312 1887 371 1938 Hoc
382 1903 458 1950 anno,
470 1894 516 1937 aut
532 1887 649 1952 proxime
658 1885 867 1935 antecedentium
878 1886 973 1951 aliquo,
991 1889 1017 1936 in
1037 1891 1207 1952 patrocinium

345 1968 465 2017 Messala
476 1974 597 2031 receptus
610 1981 668 2016 esse
679 1966 795 2016 creditur
804 1966 929 2016 Tibullus.
960 1967 992 2015 Ei
1011 1975 1083 2018 certe
1099 1985 1127 2018 se
1140 1969 1210 2021 com·

344 2048 467 2097 mendarc
478 2048 606 2097 studuisse
616 2053 724 2111 putatur
735 2047 818 2110 primo
831 2046 901 2096 Libri
913 2060 952 2095 rr.
973 2046 1092 2098 Carmine
1111 2051 1136 2098 in
1156 2052 1207 2099 lan-

344 2128 392 2178 des
402 2129 523 2178 Messalae
538 2143 586 2192 per
597 2128 654 2191 rjtss
663 2128 832 2186 consulatum,
848 2126 989 2191 etquidem
1009 2135 1070 2177 ante
1082 2136 1210 2193 aestatem,

344 2210 460 2273 scripto;
477 2208 613 2272 siquidem
633 2208 655 2257 is
671 2222 687 2256 a
704 2206 806 2256 Tibullo
816 2208 928 2271 scriptus
938 2206 1020 2256 slderi
1031 2215 1126 2271 potest.
1159 2211 1210 2259 Ve-

344 2303 400 2338 rum
411 2290 512 2339 etiamsi
522 2288 681 2338 Schollsstici
693 2286 802 2349 alicujus
811 2285 889 2335 foetus
906 2286 949 2335 illa
958 2287 1015 2350 'est,
1026 2289 1112 2352 potuit
1123 2296 1208 2339 tarnen

342 2369 387 2419 ille
398 2385 482 2420 rernm
494 2375 625 2434 gestarum
634 2367 711 2417 fldem
722 2367 755 2415 ad
768 2373 885 2430 tempora
894 2367 977 2430 sequti.

311 2450 417 2500 Amatae
428 2450 530 2500 ridetur
544 2449 660 2500 Tibullus
676 2448 731 2510 jam
751 2454 805 2497 tum
824 2447 927 2497 Deliam
944 2462 1026 2510 suam,
1047 2449 1158 2500 nundum
1176 2467 1207 2502 eu

343 2536 461 2594 tempore
472 2529 529 2578 viro
538 2536 654 2592 nuptam.

247 2615 280 2660 ld
310 2611 406 2661 Statim
423 2625 439 2659 a
456 2624 543 2674 pugna
553 2608 666 2659 Actiaca
676 2607 789 2658 Messala
798 2614 888 2658 contra
899 2607 1051 2658 rebellantes
1064 2610 1207 2675 Aquitanos
1314 2668 1316 2672 μ

343 2691 445 2754 missus,
459 2706 503 2741 eos
516 2690 667 2754 debellavit,
685 2695 714 2739 et
732 2688 896 2754 Aquitaniam
907 2687 932 2736 ln
944 2690 1088 2740 Provincia
1100 2690 1207 2742 formam

342 2770 499 2834 redegitrr.
510 2771 544 2821 ad
555 2784 575 2822 1.
586 2772 626 2820 El.
637 2775 662 2821 t.

312 2850 377 2899 Eum
386 2850 412 2899 in
421 2850 519 2900 Gallias
530 2857 635 2900 secutus
641 2855 727 2900 noster
736 2849 834 2910 Albius,
844 2849 924 2913 ipsius
932 2849 1133 2914 contubernalis,
1139 2851 1207 2901 bello

344 2928 499 2994 Aquitanico
518 2928 645 2979 interluit.
657 2942 683 2978 r.
694 2928 756 2977 ibid.
790 2930 871 2978 Roma
888 2926 1054 2990 proficiscens
1074 2930 1207 2992 scripsisse

344 3008 461 3058 creditur
470 3008 542 3058 Libri
554 3023 574 3057 r.
587 3009 660 3071 Eleg.
672 3012 711 3057 lo.

305 3088 365 3138 .Per
373 3088 471 3138 Tibulli
483 3089 625 3138 absentiam
638 3088 714 3137 Delia
723 3086 797 3136 alteri
809 3086 925 3149 nupsisse
936 3085 1046 3135 videtur.

156 3177 167 3190 '
249 3174 279 3219 21
313 3169 371 3220 Hoc
384 3170 566 3219 auncincunte
582 3170 825 3231 Messala,cumque
841 3180 872 3216 eo
890 3166 1015 3228 Tibullus,
1031 3178 1064 3214 ex
1084 3167 1207 3217 Galilaia

344 3249 431 3299 Asiam
442 3249 574 3313 navigasse
586 3249 708 3307 ridetur3
725 3247 770 3296 sed
782 3247 832 3302 bic,
843 3260 899 3295 cum
912 3245 943 3293 ad
955 3245 1061 3294 insulam
1070 3248 1207 3308 Corcyram

344 3337 496 3394 perventum
507 3336 588 3390 esset,
599 3330 624 3378 in
636 3343 738 3391 gravem
750 3328 866 3376 morbum
883 3327 982 3388 incidit,
1000 3328 1087 3391 ibique
1105 3343 1120 3377 a
1136 3330 1207 3378 Mes·

344 3411 397 3460 sals
408 3410 514 3459 relictus
532 3415 581 3458 est.
614 3406 679 3458 lude
689 3422 758 3467 mos,
770 3406 918 3456 valetudine
929 3406 1036 3468 pristina
1046 3414 1207 3470 recuperata,

344 3490 453 3539 Romam
465 3502 583 3538 resersus
595 3502 651 3537 csse
667 3485 778 3535 videtur.
810 3485 922 3546 Scripsit
939 3484 966 3532 in
981 3485 1095 3549 Corcyra
1105 3487 1176 3536 Libri
1187 3503 1206 3536 r.

345 3570 454 3632 Elem.

311 3650 410 3701 Eodem
422 3656 450 3698 et
461 3649 577 3713 proxime
588 3646 753 3712 sequentibus
765 3645 837 3694 anuis
848 3644 972 3702 Messala,
991 3644 1099 3693 Caesaris
1110 3647 1208 3695 exerci-

345 3731 380 3780 tui
392 3721 541 3793 praefectus,
553 3729 608 3791 ipso
619 3727 736 3788 absente,
748 3740 788 3774 res
800 3725 825 3773 in
835 3723 906 3785 Asia,
922 3722 1021 3783 Cilicia,
1036 3723 1121 3786 Syria,
1133 3725 1207 3775 Phre-

344 3809 423 3871 nicia‚
434 3815 462 3858 et
473 3808 585 3871 AEgypto
596 3805 739 3854 coustituit.

311 3889 418 3938 Interea
429 3889 535 3937 Romam
548 3899 664 3935 reversus
672 3884 791 3945 Tibullus
804 3880 836 3931 ad
848 3895 957 3931 amorem
968 3875 1062 3943 lletie,
1073 3888 1135 3934 tunc
1147 3899 1207 3933 con-

338 3970 407 4033 jugis
418 3968 497 4018 etalii
510 3975 608 4030 nuptae,
626 3965 713 4023 rediit,
729 3966 754 4013 in
774 3977 857 4026 eoque
872 3976 920 4026 per
939 3962 1005 4009 hunc
1026 3969 1054 4010 et
1070 3970 1207 4026 sequentes
1241 4005 1245 4010 ,

343 4063 422 4098 annus
442 4047 604 4112 perdurarit.
636 4047 694 4097 Quo
718 4044 841 4108 temporis
864 4042 951 4106 spatio
970 4042 1074 4104 scripsit
1092 4042 1162 4092 Libri
1185 4058 1204 4093 ι.

343 4128 415 4190 Eleg.
427 4130 450 4175 l.
462 4131 486 4174 6.
494 4134 523 4175 et
531 4131 556 4174 2.
1161 4131 1178 4139 ·‘

245 4211 278 4258 21
311 4206 344 4257 Α.
356 4207 381 4263 d.
396 4221 445 4256 rrt.
457 4207 517 4256 Kal.
530 4206 639 4256 Octobr.
650 4206 772 4266 Messala,
790 4218 821 4252 ex
841 4202 904 4252 Asia
915 4203 1021 4251 Romam
1031 4196 1156 4265 reversus,
1174 4204 1207 4254 de

230 4293 232 4296 ’
343 4287 479 4353 Aquilonis
489 4286 645 4350 triumphurn
665 4286 728 4349 egit,
745 4293 823 4348 atque
835 4283 946 4345 Augusti
956 4282 1040 4344 jussu,
1056 4283 1125 4331 inter
1143 4284 1205 4335 alios

343 4367 509 4430 triumphales
521 4367 596 4429 viros,
612 4373 711 4433 partem
729 4366 776 4413 viae
793 4365 894 4413 Latina
905 4359 1066 4410 muniendam
1077 4364 1205 4429 suscepit:
1234 4419 1237 4426 ,

342 4460 369 4495 v.
380 4446 435 4496 Lib.
447 4461 465 4496 r.
477 4447 550 4508 Eleg.
560 4449 586 4495 t.

311 4526 389 4575 Brevi
400 4532 459 4589 post
470 4524 625 4589 triumphurn
636 4524 756 4574 Messala
766 4523 864 4586 scripta
875 4520 949 4570 estin
961 4520 1015 4584 ejus
1026 4524 1136 4574 natalem
1150 4525 1204 4573 Lib.

346 4617 365 4655 s.
378 4605 452 4668 Eleg.
464 4610 488 4655 7.
503 4620 578 4669 porro
591 4606 647 4656 Lib.
658 4619 688 4657 rs.
700 4606 772 4668 Elea.
785 4609 807 4653 1.
819 4603 862 4652 ubi
873 4601 908 4653 cf.
921 4615 958 4651 rs.
969 4605 1009 4652 ll.
1022 4605 1062 4653 tl.
1178 4601 1182 4612 '
