2760 5130
174 708 217 777 10
519 722 659 772 runnu.
681 723 716 770 o.
739 720 923 773 anscarii

172 866 254 945 vidi,
279 866 336 951 qui
349 867 452 931 etate
473 869 644 949 superaret
659 863 883 930 Perisiensonr
904 868 937 928 et
957 861 1133 930 excederet
1146 883 1270 933 annum

52 1014 55 1023 =
174 968 270 1036 1423.
284 978 323 1035 ut
344 966 401 1034 hic
419 965 506 1033 edeo
527 966 572 1033 sit
592 984 677 1030 unus
699 984 745 1030 ex
765 964 1019 1048 antiquioribus.
1064 962 1183 1031 Codex
1204 964 1269 1032 Ar·

173 1070 382 1158 ehiopiscopi
396 1068 618 1138 &cucumis
628 1064 693 1154 (E)
702 1066 860 1145 omnium,
876 1067 924 1131 ait
934 1065 1174 1148 Bronkhusius,
1186 1087 1270 1152 quos

173 1173 255 1253 vidi,
278 1171 524 1259 venustissimus
546 1177 611 1236 est.
654 1169 762 1254 Atqui
785 1169 826 1236 Ρ.
849 1169 1060 1236 Burmannus
1082 1168 1269 1248 Secundus,

174 1275 233 1360 qni
244 1276 363 1342 librum
377 1274 472 1341 illurn
484 1273 538 1339 vel
561 1274 636 1356 ipse
658 1272 811 1339 manibus
824 1271 986 1351 versavit,
1008 1271 1063 1336 vel
1085 1278 1175 1337 certe
1187 1270 1269 1338 Col·

171 1377 292 1445 latione
307 1374 496 1445 Heiusiaue
508 1392 589 1441 usus
603 1378 667 1452 est,
691 1372 735 1438 ad
747 1391 840 1440 ornrn
853 1371 1022 1439 Editionis
1035 1370 1183 1439 Bronkln
1198 1377 1270 1439 tes·

172 1483 273 1558 tatur,
297 1479 456 1562 scriptum
465 1494 543 1545 enm
556 1493 634 1543 esse
649 1494 681 1539 e.
695 1475 791 1541 1425.
815 1474 932 1541 ‘siout
945 1473 981 1539 in
994 1472 1059 1538 line
1076 1473 1268 1557 legebatur!

173 1578 271 1647 Idem
293 1577 337 1645 ad
361 1576 581 1662 Anglicanunr
605 1575 647 1643 A.
671 1578 818 1644 notavit:
849 1576 1119 1659 Iibermegnam
1140 1580 1270 1658 partem

171 1680 320 1758 mutilus,
344 1680 380 1746 in
405 1679 506 1763 cujus
528 1678 594 1745 fine
616 1677 690 1744 heco
712 1678 880 1761 leguntur:
911 1675 1010 1760 ‘Ego
1033 1675 1203 1743 Nicoleua
1225 1676 1270 1748 de

173 1780 319 1849 Brendis
326 1781 413 1847 hunc
420 1779 595 1846 Tibullum
606 1778 728 1864 scripsi
736 1776 1270 1861 menseAugusti1460.'-Codex

172 1881 212 1949 0.
227 1883 320 1949 circe
333 1881 441 1963 initio,
463 1888 501 1949 nt
514 1880 700 1958 ridebatur,
724 1881 804 1947 artis
816 1879 1088 1965 'typographico
1110 1879 1268 1964 scriptus.

171 1982 337 2052 -codex
351 1984 397 2050 D.
411 1985 533 2051 eodem
552 1983 620 2048 fere
642 1989 791 2068 tempore
810 1982 968 2067 scriptun
1012 1979 1206 2060 Colbertiuo
1220 1982 1270 2047 iu-

171 2095 226 2154 est
245 2077 375 2172 longior
393 2093 429 2153 et
449 2086 599 2154 diffusior
620 2086 702 2152 Vitu
722 2085 861 2165 Tibulli,
888 2104 988 2170 qnam
1009 2103 1088 2170 quea
1110 2084 1214 2167 vulgo
1235 2084 1269 2151 in

170 2188 267 2257 libris
280 2189 418 2272 scriptis
438 2187 608 2271 reperitur.
651 2186 705 2252 Ee
726 2206 805 2252 vero
827 2192 879 2254 est
901 2186 1102 2270 Hieronymi
1117 2184 1270 2257 Alexan·

172 2288 272 2368 (lrini,
286 2293 322 2355 et
334 2289 454 2372 legitur
467 2290 501 2355 in
516 2287 580 2354 Ed.
597 2287 718 2356 Venet.
731 2309 764 2355 a.
776 2290 873 2357 1476.
917 2288 1021 2367 Hinc,
1031 2287 1271 2363 aitBrouklrn·

172 2391 256 2470 rius,
271 2391 329 2478 qni
342 2391 546 2459 notationem
559 2391 656 2465 illurn
667 2392 825 2476 ascripsit
836 2390 917 2459 Ald.
932 2410 964 2459 e.
979 2391 1163 2462 16160100
1176 2391 1269 2458 urri-

170 2493 256 2563 mau‘
269 2498 383 2579 potest
396 2499 549 2563 vetustos
560 2492 745 2562 Colbortini
757 2495 845 2561 libri.
888 2492 948 2560 Sic
961 2493 1047 2561 inter
1059 2512 1174 2563 omnes
1187 2493 1268 2560 illos

171 2594 318 2674 codices,
332 2613 416 2680 qnos
429 2602 586 2665 recenset
599 2596 764 2682 Heynins,
784 2615 924 2683 quorum
937 2596 1090 2679 plurimis
1104 2596 1269 2679 temporis

170 2702 252 2765 nota
264 2696 402 2782 adjecta
415 2705 481 2776 est,
500 2699 561 2764 vix
573 2717 676 2765 unum
698 2699 856 2784 reperias,
879 2697 937 2783 qui
950 2697 1092 2769 excedet
1105 2697 1268 2769 seculuro

112 2847 113 2851 ι
171 2813 237 2865 xv.
252 2799 441 2884 complures
455 2799 574 2883 scripti
597 2805 674 2865 sunt
687 2802 765 2883 post
788 2797 1012 2867 inventionem
1030 2798 1114 2867 ertio
1128 2797 1269 2870 chuno

169 2900 358 2984 graphice:
394 2920 480 2967 nnus
507 2898 695 2966 Vaticanus
723 2920 756 2966 n.
783 2898 878 2966 1609.
908 2899 1103 2984 simpliciter
1130 2905 1269 2968 vocetur

170 3008 181 3036 ⁸
197 3000 324 3071 'libulli
340 3001 452 3069 codex
465 3002 623 3087 antiquus
637 3002 673 3067 in
685 2999 892 3071 menbrum
935 3000 989 3067 De
1004 2999 1187 3084 lipsiensi,
1208 3003 1268 3087 qni

170 3123 260 3171 eme
273 3124 362 3172 nnnc
375 3104 518 3189 primum
532 3103 675 3171 collatus
688 3104 751 3180 est,
766 3099 852 3170 infra
865 3119 964 3183 agam
978 3102 1170 3186 seperatim.
1215 3102 1266 3169 Hi

169 3207 268 3290 igitur
281 3205 360 3272 libri
374 3207 464 3271 circa
487 3203 761 3289 chalcographus
783 3203 880 3271 initia
898 3204 1013 3289 scripti
1027 3205 1268 3291 propemodum

169 3325 285 3373 omnus
296 3326 342 3371 ex
356 3325 422 3372 nuo
437 3305 486 3371 illi
501 3305 635 3393 quidem
657 3305 802 3391 proiecti
819 3311 898 3372 eunt
917 3305 1019 3384 fone,
1042 3306 1104 3377 sed
1118 3326 1194 3376 cunr
1207 3308 1268 3373 alii

168 3408 297 3475 notuit
321 3408 406 3474 ulios
428 3407 556 3474 rivulos
579 3413 863 3485 consectarentur,
889 3406 1075 3488 nSeueea,
1099 3408 1267 3489 Ponteno,

170 3507 360 3595 Philelplro,
370 3507 534 3597 Aurispe,
547 3510 736 3596 ceterisque
743 3509 1036 3594 interpolatoribno
1044 3514 1205 3592 turbator,
1219 3519 1269 3580 tot

169 3611 261 3678 iacta
279 3617 357 3677 suut
378 3611 533 3678 codicum
555 3611 710 3689 divortia,
730 3618 816 3695 quot
836 3630 1027 3681 enumeras
1049 3611 1186 3696 longino
1200 3623 1265 3693 est,

167 3732 363 3798 percensere
375 3712 548 3780 infinitum.

212 3814 469 3902 Antiquioribns
483 3818 555 3882 uiuo
569 3815 673 3881 dubio
686 3814 782 3880 libris
796 3834 878 3882 usus
896 3821 950 3882 est
973 3815 1125 3883 Petreius
1144 3818 1179 3882 in
1196 3818 1265 3884 Ex·

170 3917 310 4002 cerptis,
333 3916 468 3983 Aldinoe
492 3938 522 3984 a
538 3919 634 3984 1616.
661 3917 828 4001 ascriptis.
871 3917 982 4003 Cujus
1001 3917 1080 3983 libri
1093 3919 1266 3986 ιὶοιιιίιι-

170 4017 269 4085 ‹lines
283 4022 352 4084 tem
367 4023 524 4085 eccnrete
537 4023 736 4104 persecutus
751 4023 804 4084 est
818 4018 942 4084 Sunius
955 4019 991 4082 in
1006 4017 1180 4086 onomast.
1195 4020 1263 4086 Lit.

170 4119 213 4187 Ρ.
227 4136 278 4186 ιν.
291 4141 328 4205 p.
340 4121 417 4188 606.
431 4121 514 4189 nihil
527 4127 564 4187 nt
577 4121 658 4187 eddi
681 4119 725 4185 iis
738 4121 860 4205 possit,
878 4121 956 4198 uisi,
971 4120 1061 4205 quod
1075 4121 1184 4188 exieri
1197 4122 1264 4188 ior·

170 4229 263 4288 tasse
277 4223 441 4306 ignorent,
456 4222 602 4290 deletum
617 4243 694 4288 eum
708 4242 784 4291 esse
807 4228 885 4307 post
905 4224 1035 4290 obitum
1057 4223 1207 4289 Sentenii
1228 4225 1265 4289 in

169 4321 659 4404 Germaniam,etnuucservari
670 4323 1264 4408 inBibliothecuRegieBerolinensi.

169 4422 240 4489 Ubi
254 4445 329 4493 cum
344 4446 406 4510 ego
419 4445 529 4510 nuper
540 4426 629 4492 hunc
640 4427 760 4492 librum
775 4427 876 4510 peulo
887 4426 1051 4493 curiosius
1066 4428 1261 4506 necabam,

170 4525 284 4594 mrim
307 4527 538 4610 animadverti,
563 4530 709 4596 nondum
724 4528 905 4596 exhaustas
919 4548 995 4602 esse
1011 4550 1032 4596 a
1047 4529 1262 4597 Broukhusio
