2760 5130
598 666 807 719 ramerum.
1118 732 1122 737 Ι
1229 663 1252 727 ⁷

150 808 338 895 antiquiora
354 806 555 888 existimem,
570 810 838 896 antiquissimum
855 816 968 881 autem
981 815 1123 894 omnium
1142 817 1252 888 Pinel·

149 913 289 991 liaunm,
303 930 513 995 expressum,
536 912 567 977 si
581 912 679 993 forte,
694 912 741 979 ad'
752 913 886 993 librum,
901 913 1039 982 Senecas
1053 921 1088 983 et
1101 915 1250 991 Pontcui

150 1014 349 1081 commentis
363 1032 428 1079 non
443 1012 661 1097 inquinatum.
694 1012 750 1078 Ad
764 1013 830 1079 lroc
843 1015 932 1080 euim
945 1015 1249 1091 Grammaticorum

146 1136 208 1202 par
227 1115 387 1199 insignior
406 1115 526 1181 borum
549 1113 740 1182 carminum
760 1116 974 1200 interpolatio
994 1119 1168 1187 reserenda
1185 1130 1248 1197 est.

146 1216 321 1289 Pontauus
348 1216 542 1296 simulabat,
570 1216 694 1283 hebere
722 1236 760 1282 se
790 1223 961 1284 vetustum
990 1215 1161 1300 Codicum,
1188 1226 1248 1292 cui

145 1319 297 1386 inessent
311 1318 449 1404 quidam
472 1318 508 1382 in
531 1317 607 1383 aliis
625 1316 719 1382 libris
734 1317 915 1383 desiderati
929 1337 1056 1398 uersus,
1072 1321 1168 1406 cnjus
1188 1324 1247 1395 illo

146 1419 285 1488 Codicis
310 1421 429 1492 nemini
450 1420 584 1504 copiam
602 1418 726 1484 fecisse
748 1418 889 1498 videtur,
909 1439 972 1486 nec
993 1418 1104 1487 secere
1123 1427 1245 1508 potuit,

146 1522 309 1607 siquidem
323 1521 465 1600 finxemt,
488 1520 577 1606 quod
600 1540 768 1604 nusquam
789 1521 934 1605 gentium
953 1526 1101 1604 extaret;
1124 1524 1244 1595 similis

143 1621 206 1694 huo
218 1625 255 1691 in
268 1644 304 1690 re
319 1624 410 1691 Lilio
426 1623 589 1706 Gregorio
612 1621 777 1706 Gyraldo,
803 1623 861 1708 qui
882 1624 957 1708 pari
979 1624 1078 1691 modo
1092 1624 1244 1696 homines

144 1724 328 1797 deludebat
371 1726 426 1792 Dc
448 1726 600 1791 Pontano
621 1743 674 1790 res
695 1725 808 1809 posita
828 1731 879 1790 est
898 1726 933 1792 'm
949 1725 1158 1812 conjectura,
1180 1729 1243 1799 sed

143 1826 320 1899 admodum
333 1826 512 1911 probabili.
556 1824 648 1891 Nam
663 1823 832 1905 Petreius,
847 1826 905 1910 qui
920 1826 1065 1897 Pontani
1076 1828 1241 1899 Codicum

142 1946 236 2013 saepe
264 1929 392 2008 hudat,
419 1927 522 1993 semel
551 1933 664 1994 tamen
692 1926 869 1995 manifesto
899 1927 1025 2012 prodit,
1055 1949 1095 1996 se
1119 1931 1240 2000 librum

141 2026 252 2112 ipsum
265 2048 333 2099 non
348 2027 488 2105 vidisse,
511 2028 662 2093 scribens
685 2027 730 2092 ad
754 2043 811 2095 ιιι.
826 2030 859 2093 4.
874 2027 931 2097 65.
946 2079 948 2082 <
966 2028 1168 2099 ‘ronanus
1190 2052 1241 2101 re-

141 2130 257 2213 posuit
269 2130 312 2198 ab
326 2129 397 2209 illo,
413 2136 450 2196 ut
464 2130 644 2211 asserebat,
659 2129 798 2196 codice:
821 2134 832 2165 ‘
848 2129 946 2197 Flere
966 2149 1029 2196 nec
1042 2137 1120 2198 ante
1132 2133 1239 2219 pedes

138 2231 264 2315 pudeat
288 2232 523 2317 dominamque
545 2233 686 2298 voearet
699 2230 737 2294 '’.
769 2231 858 2317 Ergo
880 2231 1055 2302 Pantanus
1084 2235 1238 2322 vulgasse

138 2331 271 2401 videtur
283 2333 417 2413 librum,
431 2353 454 2399 a
466 2353 503 2398 se
516 2334 761 2420 interpolatum,
775 2354 876 2423 quem
890 2334 1016 2402 diceret
1032 2332 1237 2422 descriptum

139 2453 214 2500 esse
227 2435 272 2501 ab
285 2435 467 2520 archetypo
482 2434 552 2514 illo,
567 2434 660 2520 quod
673 2455 771 2505 nemo
786 2455 872 2505 unus
885 2435 1024 2503 viderat
1048 2434 1096 2501 At
1110 2436 1238 2505 uuum

137 2534 240 2620 plane
268 2536 508 2603 dubitationem
530 2537 632 2603 habet
653 2537 796 2605 Seneca
822 2539 906 2603 liber
935 2537 1163 2625 interpolatus,
1188 2557 1236 2606 ex

137 2655 218 2722 quo,
248 2645 338 2709 certo
364 2640 447 2717 scio,
478 2637 616 2704 duxisse
642 2638 805 2706 codicem
833 2637 1068 2723 Anglicauum,
1097 2659 1235 2706 numero

136 2744 302 2822 quartum,
316 2740 412 2806 litera
425 2741 459 2807 D
474 2746 623 2810 notatum
638 2761 660 2806 a
671 2739 895 2808 Broukhusio.
916 2738 974 2806 Ad
986 2740 1086 2825 hujus
1099 2738 1236 2824 (loricis

134 2839 234 2907 finem
242 2842 384 2926 primum
397 2843 517 2926 legitur
531 2841 614 2913 Vita
626 2841 764 2922 Tibulli,
776 2841 901 2910 deinde
917 2842 1066 2926 sequitur
1080 2842 1235 2927 Epistola

135 2941 227 3009 brec:
251 2947 262 2978 ‘
277 2945 388 3011 Lilius
399 2943 614 3017 Castellanus
629 2964 692 3010 suo
703 2943 854 3009 Antonio
868 2942 892 3008 J
894 2943 1004 3009 acobo
1015 2941 1235 3010 Racinatensi

135 3041 172 3108 S.
188 3041 229 3109 P.
244 3042 291 3111 D.
314 3044 486 3117 'libnllutn
512 3065 534 3110 a
556 3063 611 3109 me
637 3043 864 3128 superioribus
889 3042 1010 3108 diebus
1037 3040 1232 3125 quotidiana

134 3143 292 3212 instantia
305 3145 476 3230 flagitasti,
499 3166 598 3232 quem
612 3166 673 3230 ogo
694 3145 749 3211 hic
770 3143 814 3209 ad
837 3150 871 3209 te
885 3142 995 3222 mitto,
1017 3147 1057 3209 ut
1068 3142 1168 3228 plane
1182 3142 1233 3208 in·

132 3245 272 3329 tetigus,
283 3268 305 3316 a
316 3249 452 3321 Senecae
467 3247 581 3313 libello
595 3247 649 3313 vel
661 3246 755 3312 hisce
769 3245 923 3310 manibus
938 3243 1129 3310 traductum
1140 3242 1231 3311 Ροδ-

132 3354 202 3415 tam
215 3368 298 3419 sane
316 3351 400 3417 tuter
419 3350 546 3434 primos
569 3347 810 3415 venerabilem!
853 3345 944 3412 Haec
959 3344 1000 3410 Ρ.
1016 3346 1231 3413 Burmannus

132 3448 309 3521 §comeus
322 3456 369 3521 'ex
383 3453 458 3535 ipso
477 3450 538 3516 illo
551 3450 636 3516 libro
651 3449 816 3515 transtulit
838 3450 873 3513 in
886 3448 1077 3515 schedulam
1092 3468 1229 3533 separa·

130 3557 212 3633 ton,
228 3553 386 3621 insertam
402 3553 550 3620 Editioni
565 3551 831 3619 Broukhusianae
846 3551 881 3616 in
895 3549 1104 3616 Bibliotheca
1119 3549 1229 3632 Regia

130 3655 352 3735 Beroliueusi,
371 3675 432 3722 uec
443 3656 542 3741 plura
556 3655 624 3733 ille,
648 3653 739 3738 quod
754 3652 944 3730 dolendum,
967 3652 1154 3735 descripsit,
1168 3651 1228 3731 ud·

130 3756 232 3825 dens:
256 3758 402 3823 ‘Cetera
422 3776 500 3842 pars
522 3757 686 3841 Epistulae
708 3756 742 3823 in
762 3755 921 3850 laudibus
942 3753 1069 3819 'tibulli
1090 3759 1124 3818 et
1137 3772 1228 3819 com-

128 3859 514 3927 mandationeLudovici
524 3858 699 3945 cujusdam
710 3857 854 3924 Pontuni
868 3855 1074 3942 occupatur!
1116 3853 1228 3935 Quem

127 3961 412 4045 sgolmdovicum
421 3959 1111 4042 Pontanumnonmagiscognitumhabco,
1124 3978 1226 4042 quam

127 4063 250 4129 lilium
263 4060 495 4129 Castellanum
515 4068 550 4128 et
569 4060 753 4128 Antonium
767 4059 791 4125 J
793 4060 937 4126 acobum
952 4058 1229 4126 Racinateusem.

126 4164 184 4230 Ad
210 4165 372 4232 Senecam
399 4163 491 4248 quod
516 4163 641 4243 attinet,
665 4162 737 4247 ejus
760 4161 879 4237 notitia
904 4160 1015 4228 adhuc
1041 4159 1227 4227 debebatur

124 4267 261 4333 duobus
274 4266 429 4344 librariis,
453 4285 592 4350 quorum
609 4264 696 4345 alter
714 4264 867 4330 exaravit
882 4262 966 4328 Cod.
990 4260 1225 4341 Dresdensem,

125 4368 211 4434 alter
229 4367 530 4434 Mediolanensem.
575 4365 677 4448 Nunc
699 4365 829 4433 accedit
851 4364 977 4441 tertius,
1000 4363 1041 4440 is,
1068 4361 1127 4445 qui
1150 4380 1225 4447 pur-

126 4469 266 4554 scripsit
290 4467 373 4536 Cod.
399 4469 621 4556 Parisinusem
638 4488 671 4534 n.
686 4469 782 4535 7989.
807 4466 963 4533 collatum
987 4483 1061 4531 cum
1081 4463 1224 4533 editione
