2998 4854
306 344 329 410 2
761 359 951 410 sursroua.

307 504 441 570 Curtius
456 489 645 588 auspicium
659 501 775 580 iacies,
791 502 1008 580 Danuuius,
1025 500 1142 568 Politia

349 606 388 673 Si
402 623 477 670 sese
491 605 624 689 possint
636 621 850 668 annumerare
867 603 946 668 trris.

306 709 563 774 Bonnonrnuu
581 707 613 770 in
629 707 730 771 tectis
744 707 807 770 sub
821 707 905 770 tanti
919 707 1061 786 nominis
1076 707 1191 772 umbra

347 806 448 872 Clara
462 807 532 871 illis
546 811 642 891 parta
655 815 707 872 cst
722 805 844 888 gloria,
858 803 959 883 lama,
976 807 1089 873 decus.

303 908 373 974 Par
386 927 496 974 aevum
508 908 584 990 ipsa
598 925 659 970 suo
673 904 876 970 immortalia
887 905 977 973 Lilia
990 892 1166 993 spondent,

345 1009 384 1074 Si
398 1028 477 1093 quae
493 1007 620 1090 scripta
634 1005 736 1072 velint
750 1004 898 1070 Numine
914 1011 987 1073 tuta
1001 1027 1074 1074 suo.

304 1114 366 1191 lte,
381 1111 462 1177 boni
476 1108 607 1190 Vates;
628 1125 692 1174 nec
705 1126 767 1173 vos
781 1126 929 1192 operosa
942 1116 1084 1176 moretur

345 1213 479 1296 Pompa
492 1211 593 1289 Loci,
604 1217 667 1274 aut
679 1209 836 1294 quatiens
846 1207 981 1274 horrida
994 1209 1064 1293 pila
1077 1209 1212 1276 cohors.

300 1315 492 1400 Tympana,
506 1332 568 1380 uec
582 1313 684 1378 lituus
701 1313 881 1396 crepitans,
892 1329 1078 1395 raucosque
1093 1313 1246 1376 tubarum

343 1413 501 1498 clangor,
514 1433 577 1479 nec
592 1414 731 1497 strepitu
744 1417 865 1477 terreat
877 1407 968 1476 Aula
981 1411 1144 1496 frequens.

300 1514 381 1582 Non
397 1515 498 1582 ctiam
511 1515 565 1580 his
579 1515 688 1599 major
702 1514 833 1578 cunctis
846 1513 1026 1597 praesentia
1037 1511 1190 1578 Manui:

342 1616 490 1683 Incutiat
504 1617 585 1682 solis
598 1616 754 1681 hostibus
768 1615 826 1680 illa
840 1621 976 1682 metum.

298 1717 478 1803 Temperat
492 1724 651 1800 augustos
666 1717 759 1782 mitis
774 1717 953 1804 clementia
962 1716 1086 1795 vultus,

340 1819 384 1886 Et
396 1822 526 1904 praebet
535 1819 652 1883 faciles
666 1817 834 1901 obsequiis
850 1817 972 1883 aditus.

296 1919 340 1985 Et
352 1937 416 1984 vos
432 1917 600 1984 Missus
616 1921 718 1996 amat,
732 1917 867 1984 Massi
883 1923 978 2002 patet
991 1917 1081 1982 Aula
1095 1915 1280 1996 camoenis,

339 2019 417 2085 Nec
430 2025 552 2084 tenerae
568 2017 708 2083 Mavors
724 2017 890 2102 obstrepit
900 2018 975 2101 ipse
987 2019 1080 2101 lyrae.

293 2121 431 2188 Vestrae
447 2121 515 2185 illic
532 2123 620 2184 artes
634 2117 745 2183 media
758 2119 843 2183 inter
854 2118 947 2184 bella
960 2119 1139 2201 vigebam

337 2220 472 2301 Quanta
486 2219 540 2286 hae
554 2217 740 2303 tranqrrillae
754 2237 835 2302 pars
849 2219 949 2286 modo
962 2219 1062 2304 pacis
1075 2221 1196 2286 eruntl

293 2322 375 2388 Non
385 2339 517 2405 semper
529 2319 659 2386 sulcant
670 2326 829 2404 augustus
843 2321 933 2386 seria
945 2320 1089 2403 frontes3

336 2422 506 2488 Interdum
519 2421 662 2506 gaudent
675 2421 805 2488 lusibus
821 2427 920 2508 atque
929 2421 1031 2507 jocis.

292 2524 356 2590 Est
369 2523 417 2589 ibi
430 2523 519 2589 fidus
533 2541 639 2602 amor,
655 2522 804 2590 emnerii
818 2523 957 2607 pignora
971 2525 1107 2605 amoris,

335 2627 484 2712 Pignora
495 2625 631 2709 Liligeri
644 2645 724 2712 spes
734 2626 903 2710 geminata
915 2625 1051 2694 Turoni.

291 2729 354 2796 Est
367 2734 475 2795 mater
489 2727 580 2794 Latii
595 2726 716 2793 cultrix
731 2726 924 2792 Vroronrs
941 2726 1064 2810 Pindl;

333 2829 397 2895 Est
409 2847 451 2898 ea
463 2829 645 2906 Pieridum,
660 2827 797 2907 credite,
814 2833 886 2894 tota
900 2828 1028 2896 domus.

291 2931 364 2997 Ite:
386 2937 527 3014 paterna
538 2929 619 2994 olim
633 2929 703 2995 lore
717 2948 777 3013 per
794 2931 938 3013 vestigia
950 2931 1041 2997 natis

333 3031 495 3096 Sternetis
509 3029 625 3095 faciles
639 3029 683 3094 ad
698 3045 796 3096 sacra
810 3035 919 3097 vestra
934 3032 1018 3098 vias.

289 3130 341 3197 Ite
355 3131 478 3211 modo;
500 3137 535 3197 et
546 3136 678 3198 nostros
693 3131 897 3198 Dsnrrrrso
911 3131 1027 3200 offerte
1037 3134 1180 3215 labem,

329 3232 455 3300 Vestra
466 3252 541 3300 mco
555 3234 585 3298 si
599 3233 682 3317 quid
696 3252 834 3300 munere
850 3234 976 3320 scripta
990 3235 1110 3303 nitent.

287 3331 325 3396 Si
340 3339 468 3399 vestros
482 3352 591 3418 penna
605 3335 691 3400 bene
702 3335 788 3401 solvi
803 3335 983 3420 interprete
997 3337 1123 3418 nodos;

331 3434 386 3499 Ne
398 3434 546 3500 studium
559 3435 639 3501 huic
652 3437 765 3519 pigeat
778 3448 1055 3504 commemorasse
1069 3458 1186 3506 meum.

287 3537 397 3602 Dicite
411 3555 510 3619 quam
525 3555 636 3619 pauca
647 3537 723 3604 haec
738 3558 801 3604 noo
816 3538 894 3605 ficto
909 3545 1044 3624 pectore
1058 3541 1198 3623 donem;

329 3636 440 3716 Quam
455 3637 534 3704 dare
547 3638 645 3724 pldra
661 3639 775 3718 velim,
790 3639 820 3706 ei
835 3640 916 3708 dare
927 3641 1025 3726 plura
1039 3661 1169 3727 queem.

403 3801 507 3852 mate
518 3803 673 3868 Parisiorum,

359 3882 417 3932 Καὶ.
428 3883 506 3934 Mart.
516 3881 565 3934 An.
579 3883 637 3938 cnr.
649 3889 722 3938 1885.
