<?xml version="1.0" encoding="UTF-8"?>
<!DOCTYPE html PUBLIC "-//W3C//DTD XHTML 1.0 Transitional//EN"
    "http://www.w3.org/TR/xhtml1/DTD/xhtml1-transitional.dtd">
<html xmlns="http://www.w3.org/1999/xhtml" xml:lang="en" lang="en">
 <head>
  <title>
</title>
<meta http-equiv="Content-Type" content="text/html;charset=utf-8" />
  <meta name='ocr-system' content='tesseract 3.04.00' />
  <meta name='ocr-capabilities' content='ocr_page ocr_carea ocr_par ocr_line ocrx_word'/>
</head>
<body>
  <div class='ocr_page' id='page_1' title='image "./operaomniaexedi00tibugoog/operaomniaexedi00tibugoog_0310.png"; bbox 0 0 2760 5130; ppageno 0'>
   <div class='ocr_carea' id='block_1_1' title="bbox 515 725 853 790">
    <p class='ocr_par' dir='ltr' id='par_1_1' title="bbox 515 725 853 790">
     <span class='ocr_line' id='line_1_1' title="bbox 515 725 853 790; baseline 0.006 -5"><span class='ocrx_word' id='word_1_1' title='bbox 515 738 586 786; x_wconf 81' lang='lat' dir='ltr'><strong>nis.</strong></span> <span class='ocrx_word' id='word_1_2' title='bbox 609 739 659 786; x_wconf 83' lang='grc' dir='ltr'><strong>ιν.</strong></span> <span class='ocrx_word' id='word_1_3' title='bbox 683 741 799 790; x_wconf 75' lang='lat' dir='ltr'><strong>osnes.</strong></span> <span class='ocrx_word' id='word_1_4' title='bbox 822 725 853 788; x_wconf 90' lang='lat'><strong>1.</strong></span> 
     </span>
    </p>
   </div>
   <div class='ocr_carea' id='block_1_2' title="bbox 153 880 1047 1170">
    <p class='ocr_par' dir='ltr' id='par_1_2' title="bbox 153 880 1047 1170">
     <span class='ocr_line' id='line_1_2' title="bbox 154 880 919 967; baseline 0.003 -21"><span class='ocrx_word' id='word_1_5' title='bbox 154 881 230 946; x_wconf 88' lang='lat' dir='ltr'><strong>Neo</strong></span> <span class='ocrx_word' id='word_1_6' title='bbox 244 880 369 964; x_wconf 80' lang='lat' dir='ltr'><strong>Scyllae</strong></span> <span class='ocrx_word' id='word_1_7' title='bbox 385 898 478 945; x_wconf 80' lang='lat' dir='ltr'><strong>soevo</strong></span> <span class='ocrx_word' id='word_1_8' title='bbox 494 885 674 947; x_wconf 80' lang='lat' dir='ltr'><strong>conterruit</strong></span> <span class='ocrx_word' id='word_1_9' title='bbox 689 885 835 967; x_wconf 86' lang='lat' dir='ltr'><strong>impetus</strong></span> <span class='ocrx_word' id='word_1_10' title='bbox 851 904 919 961; x_wconf 85' lang='lat' dir='ltr'><strong>ore,</strong></span> 
     </span>
     <span class='ocr_line' id='line_1_3' title="bbox 154 981 1047 1065; baseline 0.004 -19"><span class='ocrx_word' id='word_1_11' title='bbox 154 983 248 1062; x_wconf 86' lang='lat' dir='ltr'><strong>Quin</strong></span> <span class='ocrx_word' id='word_1_12' title='bbox 263 982 401 1046; x_wconf 85' lang='lat' dir='ltr'><strong>canibus</strong></span> <span class='ocrx_word' id='word_1_13' title='bbox 416 981 553 1065; x_wconf 83' lang='lat' dir='ltr'><strong>rapidae</strong></span> <span class='ocrx_word' id='word_1_14' title='bbox 569 983 651 1046; x_wconf 85' lang='lat' dir='ltr'><strong>inter</strong></span> <span class='ocrx_word' id='word_1_15' title='bbox 663 985 747 1049; x_wconf 84' lang='lat' dir='ltr'><strong>fretu</strong></span> <span class='ocrx_word' id='word_1_16' title='bbox 761 992 906 1050; x_wconf 79' lang='lat' dir='ltr'><strong>comeret</strong></span> <span class='ocrx_word' id='word_1_17' title='bbox 920 985 1047 1050; x_wconf 82' lang='lat' dir='ltr'><strong>undas:</strong></span> 
     </span>
     <span class='ocr_line' id='line_1_4' title="bbox 153 1084 994 1170; baseline 0.002 -22"><span class='ocrx_word' id='word_1_18' title='bbox 153 1084 229 1149; x_wconf 85' lang='lat' dir='ltr'><strong>Nec</strong></span> <span class='ocrx_word' id='word_1_19' title='bbox 245 1084 393 1148; x_wconf 81' lang='lat' dir='ltr'><strong>violenta</strong></span> <span class='ocrx_word' id='word_1_20' title='bbox 407 1102 469 1146; x_wconf 91' lang='lat' dir='ltr'><strong>suo</strong></span> <span class='ocrx_word' id='word_1_21' title='bbox 484 1087 671 1150; x_wconf 83' lang='lat' dir='ltr'><strong>consumsit</strong></span> <span class='ocrx_word' id='word_1_22' title='bbox 684 1106 773 1150; x_wconf 87' lang='lat' dir='ltr'><strong>more</strong></span> <span class='ocrx_word' id='word_1_23' title='bbox 788 1086 994 1170; x_wconf 84' lang='lat' dir='ltr'><strong>Charybdis3</strong></span> 
     </span>
    </p>
   </div>
   <div class='ocr_carea' id='block_1_3' title="bbox 150 1232 1325 1366">
    <p class='ocr_par' dir='ltr' id='par_1_3' title="bbox 150 1232 1325 1366">
     <span class='ocr_line' id='line_1_5' title="bbox 152 1232 1325 1302; baseline 0.004 -20"><span class='ocrx_word' id='word_1_24' title='bbox 152 1233 195 1282; x_wconf 84' lang='lat' dir='ltr'><strong>leti</strong></span> <span class='ocrx_word' id='word_1_25' title='bbox 204 1234 316 1282; x_wconf 75' lang='lat' dir='ltr'><strong>uiolentia</strong></span> <span class='ocrx_word' id='word_1_26' title='bbox 327 1232 412 1296; x_wconf 65' lang='lat' dir='ltr'><strong>copto</strong></span> <span class='ocrx_word' id='word_1_27' title='bbox 422 1234 476 1282; x_wconf 82' lang='lat' dir='ltr'><strong>diro</strong></span> <span class='ocrx_word' id='word_1_28' title='bbox 491 1235 658 1297; x_wconf 72' lang='lat' dir='ltr'><strong>congiacum</strong></span> <span class='ocrx_word' id='word_1_29' title='bbox 669 1237 764 1298; x_wconf 78' lang='lat' dir='ltr'><strong>terruit,</strong></span> <span class='ocrx_word' id='word_1_30' title='bbox 775 1253 827 1285; x_wconf 81' lang='lat' dir='ltr'><strong>cum</strong></span> <span class='ocrx_word' id='word_1_31' title='bbox 845 1237 961 1300; x_wconf 76' lang='lat' dir='ltr'><strong>imperet</strong></span> <span class='ocrx_word' id='word_1_32' title='bbox 971 1235 1051 1286; x_wconf 80' lang='lat' dir='ltr'><strong>subter</strong></span> <span class='ocrx_word' id='word_1_33' title='bbox 1060 1252 1132 1301; x_wconf 71' lang='lat' dir='ltr'><strong>onnus</strong></span> <span class='ocrx_word' id='word_1_34' title='bbox 1145 1241 1219 1288; x_wconf 81' lang='lat' dir='ltr'><strong>muris</strong></span> <span class='ocrx_word' id='word_1_35' title='bbox 1229 1256 1244 1287; x_wconf 81' lang='lat' dir='ltr'><strong><em>a</em></strong></span> <span class='ocrx_word' id='word_1_36' title='bbox 1323 1299 1325 1302; x_wconf 11' lang='lat' dir='ltr'>y</span> 
     </span>
     <span class='ocr_line' id='line_1_6' title="bbox 150 1298 1244 1366; baseline 0.004 -17"><span class='ocrx_word' id='word_1_37' title='bbox 150 1298 294 1349; x_wconf 66' lang='lat' dir='ltr'><strong>nemun</strong></span> <span class='ocrx_word' id='word_1_38' title='bbox 304 1298 423 1360; x_wconf 73' lang='lat' dir='ltr'><strong>monstris,</strong></span> <span class='ocrx_word' id='word_1_39' title='bbox 433 1299 526 1364; x_wconf 84' lang='lat' dir='ltr'><strong>quibus</strong></span> <span class='ocrx_word' id='word_1_40' title='bbox 541 1306 582 1349; x_wconf 82' lang='lat' dir='ltr'><strong>est</strong></span> <span class='ocrx_word' id='word_1_41' title='bbox 591 1303 734 1364; x_wconf 82' lang='lat' dir='ltr'><strong>succincte,</strong></span> <span class='ocrx_word' id='word_1_42' title='bbox 744 1303 872 1351; x_wconf 72' lang='lat' dir='ltr'><strong>coemtotos</strong></span> <span class='ocrx_word' id='word_1_43' title='bbox 881 1317 891 1359; x_wconf 88' lang='lat'><strong>,·</strong></span> <span class='ocrx_word' id='word_1_44' title='bbox 905 1317 979 1366; x_wconf 75' lang='lat' dir='ltr'><strong>neque</strong></span> <span class='ocrx_word' id='word_1_45' title='bbox 988 1303 1054 1352; x_wconf 78' lang='lat' dir='ltr'><strong>illust</strong></span> <span class='ocrx_word' id='word_1_46' title='bbox 1064 1305 1194 1353; x_wconf 75' lang='lat' dir='ltr'><strong>truculento</strong></span> <span class='ocrx_word' id='word_1_47' title='bbox 1205 1306 1244 1353; x_wconf 81' lang='lat' dir='ltr'><strong>de·</strong></span> 
     </span>
    </p>
   </div>
   <div class='ocr_carea' id='block_1_4' title="bbox 609 1420 789 1444">
    <p class='ocr_par' dir='ltr' id='par_1_4' title="bbox 609 1420 789 1444">
     <span class='ocr_line' id='line_1_7' title="bbox 609 1420 789 1444; baseline 0.011 -2"><span class='ocrx_word' id='word_1_48' title='bbox 609 1420 789 1444; x_wconf 54' lang='lat' dir='ltr'><strong>venenuo&amp;</strong></span> 
     </span>
    </p>
   </div>
   <div class='ocr_carea' id='block_1_5' title="bbox 138 1504 1291 4204">
    <p class='ocr_par' dir='ltr' id='par_1_5' title="bbox 138 1504 1291 4204">
     <span class='ocr_line' id='line_1_8' title="bbox 149 1504 1243 1573; baseline 0.005 -17"><span class='ocrx_word' id='word_1_49' title='bbox 149 1505 274 1566; x_wconf 69' lang='lat' dir='ltr'><strong>Statiani,</strong></span> <span class='ocrx_word' id='word_1_50' title='bbox 283 1504 396 1553; x_wconf 76' lang='lat' dir='ltr'>nonnulli</span> <span class='ocrx_word' id='word_1_51' title='bbox 406 1520 447 1568; x_wconf 83' lang='lat' dir='ltr'><strong>sp.</strong></span> <span class='ocrx_word' id='word_1_52' title='bbox 460 1505 495 1555; x_wconf 83' lang='grc'><strong>11.</strong></span> <span class='ocrx_word' id='word_1_53' title='bbox 507 1506 581 1557; x_wconf 84' lang='lat' dir='ltr'><strong>Voss.</strong></span> <span class='ocrx_word' id='word_1_54' title='bbox 592 1507 635 1557; x_wconf 89' lang='lat' dir='ltr'><strong>ed.</strong></span> <span class='ocrx_word' id='word_1_55' title='bbox 647 1524 686 1571; x_wconf 84' lang='lat' dir='ltr'><strong>pr.</strong></span> <span class='ocrx_word' id='word_1_56' title='bbox 699 1510 759 1573; x_wconf 80' lang='lat' dir='ltr'><strong>maj.</strong></span> <span class='ocrx_word' id='word_1_57' title='bbox 776 1508 870 1560; x_wconf 81' lang='lat' dir='ltr'><strong>Venet.</strong></span> <span class='ocrx_word' id='word_1_58' title='bbox 881 1514 906 1560; x_wconf 81' lang='grc'><strong>3.</strong></span> <span class='ocrx_word' id='word_1_59' title='bbox 918 1509 1023 1559; x_wconf 78' lang='lat' dir='ltr'><strong>vicent.</strong></span> <span class='ocrx_word' id='word_1_60' title='bbox 1035 1509 1116 1572; x_wconf 87' lang='lat' dir='ltr'><strong>Rheg.</strong></span> <span class='ocrx_word' id='word_1_61' title='bbox 1128 1515 1155 1558; x_wconf 88' lang='lat' dir='ltr'><strong>el</strong></span> <span class='ocrx_word' id='word_1_62' title='bbox 1166 1508 1243 1561; x_wconf 80' lang='lat' dir='ltr'><strong>Atdd.</strong></span> 
     </span>
     <span class='ocr_line' id='line_1_9' title="bbox 151 1570 1243 1637; baseline 0.004 -18"><span class='ocrx_word' id='word_1_63' title='bbox 151 1571 224 1619; x_wconf 76' lang='lat' dir='ltr'><strong>lllsss</strong></span> <span class='ocrx_word' id='word_1_64' title='bbox 234 1571 362 1631; x_wconf 70' lang='lat' dir='ltr'><strong>tergemina</strong></span> <span class='ocrx_word' id='word_1_65' title='bbox 379 1570 479 1619; x_wconf 83' lang='lat' dir='ltr'><strong>Burtol.</strong></span> <span class='ocrx_word' id='word_1_66' title='bbox 507 1571 579 1620; x_wconf 78' lang='lat' dir='ltr'><strong>Illum</strong></span> <span class='ocrx_word' id='word_1_67' title='bbox 599 1573 724 1634; x_wconf 73' lang='lat' dir='ltr'><strong><em>tergemini</em></strong></span> <span class='ocrx_word' id='word_1_68' title='bbox 740 1573 838 1624; x_wconf 80' lang='lat' dir='ltr'><strong>Guelff.</strong></span> <span class='ocrx_word' id='word_1_69' title='bbox 850 1581 873 1624; x_wconf 90' lang='lat'><strong>1.</strong></span> <span class='ocrx_word' id='word_1_70' title='bbox 885 1580 909 1624; x_wconf 94' lang='grc'><strong>4.</strong></span> <span class='ocrx_word' id='word_1_71' title='bbox 927 1576 987 1625; x_wconf 81' lang='lat' dir='ltr'><strong>Vnt.</strong></span> <span class='ocrx_word' id='word_1_72' title='bbox 1005 1574 1096 1624; x_wconf 86' lang='lat' dir='ltr'><strong>Heius.</strong></span> <span class='ocrx_word' id='word_1_73' title='bbox 1108 1579 1131 1623; x_wconf 90' lang='lat' dir='ltr'><strong>l.</strong></span> <span class='ocrx_word' id='word_1_74' title='bbox 1150 1574 1191 1624; x_wconf 93' lang='lat' dir='ltr'><strong>ed.</strong></span> <span class='ocrx_word' id='word_1_75' title='bbox 1204 1589 1243 1637; x_wconf 84' lang='lat' dir='ltr'><strong>pr.</strong></span> 
     </span>
     <span class='ocr_line' id='line_1_10' title="bbox 149 1634 1243 1699; baseline 0.002 -16"><span class='ocrx_word' id='word_1_76' title='bbox 149 1635 213 1684; x_wconf 84' lang='lat' dir='ltr'><strong>min.</strong></span> <span class='ocrx_word' id='word_1_77' title='bbox 224 1635 298 1682; x_wconf 82' lang='lat' dir='ltr'><strong>llum.</strong></span> <span class='ocrx_word' id='word_1_78' title='bbox 310 1634 382 1682; x_wconf 84' lang='lat' dir='ltr'><strong>Bsix.</strong></span> <span class='ocrx_word' id='word_1_79' title='bbox 394 1642 420 1681; x_wconf 88' lang='lat' dir='ltr'><strong>et</strong></span> <span class='ocrx_word' id='word_1_80' title='bbox 430 1635 536 1684; x_wconf 86' lang='lat' dir='ltr'><strong>Venett.</strong></span> <span class='ocrx_word' id='word_1_81' title='bbox 550 1641 622 1685; x_wconf 96' lang='grc'><strong>1491.</strong></span> <span class='ocrx_word' id='word_1_82' title='bbox 633 1642 705 1686; x_wconf 85' lang='grc'><strong>1493.</strong></span> <span class='ocrx_word' id='word_1_83' title='bbox 740 1639 771 1687; x_wconf 93' lang='lat' dir='ltr'><strong>In</strong></span> <span class='ocrx_word' id='word_1_84' title='bbox 789 1640 917 1687; x_wconf 75' lang='lat' dir='ltr'><strong>nonnullis</strong></span> <span class='ocrx_word' id='word_1_85' title='bbox 936 1639 1010 1688; x_wconf 86' lang='lat' dir='ltr'>codd.</span> <span class='ocrx_word' id='word_1_86' title='bbox 1030 1645 1086 1687; x_wconf 81' lang='lat' dir='ltr'><strong>erat</strong></span> <span class='ocrx_word' id='word_1_87' title='bbox 1105 1639 1153 1687; x_wconf 76' lang='lat' dir='ltr'><strong>Illo</strong></span> <span class='ocrx_word' id='word_1_88' title='bbox 1168 1640 1243 1699; x_wconf 82' lang='lat' dir='ltr'><strong>iuter,</strong></span> 
     </span>
     <span class='ocr_line' id='line_1_11' title="bbox 148 1698 1245 1765; baseline 0.002 -17"><span class='ocrx_word' id='word_1_89' title='bbox 148 1699 168 1749; x_wconf 90' lang='lat' dir='ltr'><strong>i.</strong></span> <span class='ocrx_word' id='word_1_90' title='bbox 176 1714 200 1748; x_wconf 83' lang='lat' dir='ltr'><strong>s.</strong></span> <span class='ocrx_word' id='word_1_91' title='bbox 215 1699 265 1747; x_wconf 75' lang='lat' dir='ltr'><strong>lito</strong></span> <span class='ocrx_word' id='word_1_92' title='bbox 276 1699 348 1760; x_wconf 76' lang='lat' dir='ltr'><strong>inter,</strong></span> <span class='ocrx_word' id='word_1_93' title='bbox 358 1699 411 1747; x_wconf 79' lang='lat' dir='ltr'><strong>sive</strong></span> <span class='ocrx_word' id='word_1_94' title='bbox 422 1698 492 1746; x_wconf 78' lang='lat' dir='ltr'><strong>Illum</strong></span> <span class='ocrx_word' id='word_1_95' title='bbox 503 1700 573 1757; x_wconf 77' lang='lat' dir='ltr'><strong>iuter,</strong></span> <span class='ocrx_word' id='word_1_96' title='bbox 586 1709 614 1748; x_wconf 94' lang='lat' dir='ltr'><strong>ut</strong></span> <span class='ocrx_word' id='word_1_97' title='bbox 626 1701 739 1751; x_wconf 81' lang='lat' dir='ltr'><strong>correxit</strong></span> <span class='ocrx_word' id='word_1_98' title='bbox 750 1704 857 1763; x_wconf 76' lang='lat' dir='ltr'><strong>Statius,</strong></span> <span class='ocrx_word' id='word_1_99' title='bbox 868 1718 974 1765; x_wconf 80' lang='lat' dir='ltr'><strong>eumque</strong></span> <span class='ocrx_word' id='word_1_100' title='bbox 982 1703 1173 1752; x_wconf 72' lang='lat' dir='ltr'><strong>correctionem</strong></span> <span class='ocrx_word' id='word_1_101' title='bbox 1185 1717 1245 1751; x_wconf 90' lang='lat' dir='ltr'><strong>con·</strong></span> 
     </span>
     <span class='ocr_line' id='line_1_12' title="bbox 148 1761 1241 1830; baseline 0.003 -18"><span class='ocrx_word' id='word_1_102' title='bbox 148 1762 256 1812; x_wconf 74' lang='lat' dir='ltr'><strong>firment</strong></span> <span class='ocrx_word' id='word_1_103' title='bbox 267 1762 326 1825; x_wconf 83' lang='lat' dir='ltr'><strong>Cuj.</strong></span> <span class='ocrx_word' id='word_1_104' title='bbox 338 1762 389 1810; x_wconf 94' lang='lat' dir='ltr'><strong>duo</strong></span> <span class='ocrx_word' id='word_1_105' title='bbox 402 1761 488 1826; x_wconf 82' lang='lat' dir='ltr'><strong>Angli.</strong></span> <span class='ocrx_word' id='word_1_106' title='bbox 501 1764 588 1814; x_wconf 81' lang='lat' dir='ltr'><strong>Guelf.</strong></span> <span class='ocrx_word' id='word_1_107' title='bbox 601 1769 624 1812; x_wconf 88' lang='grc'><strong>3.</strong></span> <span class='ocrx_word' id='word_1_108' title='bbox 634 1773 661 1814; x_wconf 92' lang='lat' dir='ltr'><strong>et</strong></span> <span class='ocrx_word' id='word_1_109' title='bbox 692 1774 781 1815; x_wconf 80' lang='lat' dir='ltr'><strong>uetuor</strong></span> <span class='ocrx_word' id='word_1_110' title='bbox 793 1783 834 1830; x_wconf 83' lang='lat' dir='ltr'><strong>ep.</strong></span> <span class='ocrx_word' id='word_1_111' title='bbox 846 1769 920 1816; x_wconf 84' lang='lat' dir='ltr'><strong>Voss.</strong></span> <span class='ocrx_word' id='word_1_112' title='bbox 934 1767 1015 1816; x_wconf 74' lang='lat' dir='ltr'><strong>litere</strong></span> <span class='ocrx_word' id='word_1_113' title='bbox 1025 1783 1049 1815; x_wconf 87' lang='lat' dir='ltr'><strong>m</strong></span> <span class='ocrx_word' id='word_1_114' title='bbox 1060 1776 1088 1816; x_wconf 90' lang='lat' dir='ltr'><strong>et</strong></span> <span class='ocrx_word' id='word_1_115' title='bbox 1098 1767 1241 1815; x_wconf 75' lang='lat' dir='ltr'><strong>tumultum</strong></span> 
     </span>
     <span class='ocr_line' id='line_1_13' title="bbox 149 1826 1242 1893; baseline 0.002 -17"><span class='ocrx_word' id='word_1_116' title='bbox 149 1828 327 1890; x_wconf 73' lang='lat' dir='ltr'><strong>ambiguitatis</strong></span> <span class='ocrx_word' id='word_1_117' title='bbox 344 1826 441 1875; x_wconf 80' lang='lat' dir='ltr'><strong>babent</strong></span> <span class='ocrx_word' id='word_1_118' title='bbox 457 1827 483 1874; x_wconf 91' lang='lat' dir='ltr'><strong>in</strong></span> <span class='ocrx_word' id='word_1_119' title='bbox 495 1828 571 1876; x_wconf 86' lang='lat' dir='ltr'><strong>codd.</strong></span> <span class='ocrx_word' id='word_1_120' title='bbox 596 1834 666 1878; x_wconf 80' lang='lat' dir='ltr'><strong>nante</strong></span> <span class='ocrx_word' id='word_1_121' title='bbox 678 1845 695 1878; x_wconf 86' lang='lat'><strong>1.</strong></span> <span class='ocrx_word' id='word_1_122' title='bbox 708 1844 730 1879; x_wconf 89' lang='lat' dir='ltr'><strong>e.</strong></span> <span class='ocrx_word' id='word_1_123' title='bbox 743 1837 812 1879; x_wconf 70' lang='lat' dir='ltr'><strong>noste</strong></span> <span class='ocrx_word' id='word_1_124' title='bbox 823 1832 861 1879; x_wconf 83' lang='lat' dir='ltr'><strong>vel</strong></span> <span class='ocrx_word' id='word_1_125' title='bbox 871 1836 964 1880; x_wconf 82' lang='lat' dir='ltr'><strong>sontem</strong></span> <span class='ocrx_word' id='word_1_126' title='bbox 976 1831 1000 1879; x_wconf 92' lang='lat' dir='ltr'><strong>iu</strong></span> <span class='ocrx_word' id='word_1_127' title='bbox 1013 1831 1072 1880; x_wconf 84' lang='lat' dir='ltr'><strong>Per.</strong></span> <span class='ocrx_word' id='word_1_128' title='bbox 1097 1832 1183 1879; x_wconf 81' lang='lat' dir='ltr'><strong>mostis</strong></span> <span class='ocrx_word' id='word_1_129' title='bbox 1195 1845 1242 1893; x_wconf 82' lang='lat' dir='ltr'><strong>pro</strong></span> 
     </span>
     <span class='ocr_line' id='line_1_14' title="bbox 148 1890 1243 1954; baseline 0.002 -13"><span class='ocrx_word' id='word_1_130' title='bbox 148 1891 234 1941; x_wconf 70' lang='lat' dir='ltr'><strong>nsciis</strong></span> <span class='ocrx_word' id='word_1_131' title='bbox 244 1890 368 1940; x_wconf 79' lang='lat' dir='ltr'><strong>exhibent</strong></span> <span class='ocrx_word' id='word_1_132' title='bbox 379 1892 439 1939; x_wconf 83' lang='lat' dir='ltr'><strong>Vet.</strong></span> <span class='ocrx_word' id='word_1_133' title='bbox 451 1891 544 1940; x_wconf 86' lang='lat' dir='ltr'><strong>Heius.</strong></span> <span class='ocrx_word' id='word_1_134' title='bbox 557 1898 579 1941; x_wconf 90' lang='lat'><strong>1.</strong></span> <span class='ocrx_word' id='word_1_135' title='bbox 592 1891 687 1943; x_wconf 84' lang='lat' dir='ltr'><strong>Guelff.</strong></span> <span class='ocrx_word' id='word_1_136' title='bbox 698 1899 721 1943; x_wconf 90' lang='lat'><strong>1.</strong></span> <span class='ocrx_word' id='word_1_137' title='bbox 732 1899 757 1943; x_wconf 94' lang='grc'><strong>4.</strong></span> <span class='ocrx_word' id='word_1_138' title='bbox 776 1897 816 1944; x_wconf 87' lang='lat' dir='ltr'><strong>ed.</strong></span> <span class='ocrx_word' id='word_1_139' title='bbox 835 1909 874 1954; x_wconf 86' lang='lat' dir='ltr'><strong>pr.</strong></span> <span class='ocrx_word' id='word_1_140' title='bbox 893 1895 954 1943; x_wconf 83' lang='lat' dir='ltr'><strong>min.</strong></span> <span class='ocrx_word' id='word_1_141' title='bbox 973 1896 1045 1945; x_wconf 86' lang='lat' dir='ltr'><strong>Rom.</strong></span> <span class='ocrx_word' id='word_1_142' title='bbox 1064 1895 1137 1943; x_wconf 82' lang='lat' dir='ltr'><strong>Brix.</strong></span> <span class='ocrx_word' id='word_1_143' title='bbox 1150 1899 1176 1942; x_wconf 90' lang='lat' dir='ltr'><strong>et</strong></span> <span class='ocrx_word' id='word_1_144' title='bbox 1191 1895 1243 1943; x_wconf 87' lang='lat' dir='ltr'><strong>Ve-</strong></span> 
     </span>
     <span class='ocr_line' id='line_1_15' title="bbox 147 1956 1243 2020; baseline 0 -14"><span class='ocrx_word' id='word_1_145' title='bbox 147 1963 217 2006; x_wconf 73' lang='lat' dir='ltr'><strong>nstt.</strong></span> <span class='ocrx_word' id='word_1_146' title='bbox 227 1959 299 2005; x_wconf 82' lang='grc'><strong>1487.</strong></span> <span class='ocrx_word' id='word_1_147' title='bbox 313 1958 385 2004; x_wconf 85' lang='grc'><strong>1491.</strong></span> <span class='ocrx_word' id='word_1_148' title='bbox 397 1959 468 2004; x_wconf 86' lang='grc'><strong>1493.</strong></span> <span class='ocrx_word' id='word_1_149' title='bbox 501 1958 509 1983; x_wconf 87' lang='lat'>‘</span> <span class='ocrx_word' id='word_1_150' title='bbox 521 1957 610 2005; x_wconf 78' lang='lat' dir='ltr'><strong>Lectio</strong></span> <span class='ocrx_word' id='word_1_151' title='bbox 620 1956 690 2006; x_wconf 84' lang='lat' dir='ltr'><strong>Illum</strong></span> <span class='ocrx_word' id='word_1_152' title='bbox 701 1960 828 2018; x_wconf 79' lang='lat' dir='ltr'><strong>tergemini</strong></span> <span class='ocrx_word' id='word_1_153' title='bbox 837 1974 862 2008; x_wconf 77' lang='lat' dir='ltr'><strong>n.</strong></span> <span class='ocrx_word' id='word_1_154' title='bbox 873 1975 893 2008; x_wconf 80' lang='lat' dir='ltr'><strong>e.</strong></span> <span class='ocrx_word' id='word_1_155' title='bbox 902 1959 997 2020; x_wconf 77' lang='lat' dir='ltr'><strong>mostis,</strong></span> <span class='ocrx_word' id='word_1_156' title='bbox 1008 1959 1026 2007; x_wconf 89' lang='lat' dir='ltr'><strong>i.</strong></span> <span class='ocrx_word' id='word_1_157' title='bbox 1037 1973 1061 2008; x_wconf 88' lang='lat' dir='ltr'><strong>e.</strong></span> <span class='ocrx_word' id='word_1_158' title='bbox 1073 1960 1136 2006; x_wconf 82' lang='lat' dir='ltr'><strong>iuter</strong></span> <span class='ocrx_word' id='word_1_159' title='bbox 1144 1958 1243 2020; x_wconf 73' lang='lat' dir='ltr'><strong>gemini,</strong></span> 
     </span>
     <span class='ocr_line' id='line_1_16' title="bbox 165 2019 1291 2086; baseline 0.001 -17"><span class='ocrx_word' id='word_1_160' title='bbox 165 2035 206 2070; x_wconf 76' lang='lat' dir='ltr'><strong>ute</strong></span> <span class='ocrx_word' id='word_1_161' title='bbox 219 2019 324 2082; x_wconf 82' lang='lat' dir='ltr'><strong>lleynio</strong></span> <span class='ocrx_word' id='word_1_162' title='bbox 333 2019 411 2067; x_wconf 81' lang='lat' dir='ltr'><strong>etiem</strong></span> <span class='ocrx_word' id='word_1_163' title='bbox 421 2020 550 2081; x_wconf 75' lang='lat' dir='ltr'><strong>placebat,</strong></span> <span class='ocrx_word' id='word_1_164' title='bbox 561 2022 641 2080; x_wconf 78' lang='lat' dir='ltr'><strong>magis</strong></span> <span class='ocrx_word' id='word_1_165' title='bbox 653 2036 728 2081; x_wconf 80' lang='lat' dir='ltr'><strong>ouem</strong></span> <span class='ocrx_word' id='word_1_166' title='bbox 739 2024 782 2072; x_wconf 85' lang='lat' dir='ltr'><strong>ille</strong></span> <span class='ocrx_word' id='word_1_167' title='bbox 800 2025 876 2086; x_wconf 77' lang='lat' dir='ltr'><strong>(tuter</strong></span> <span class='ocrx_word' id='word_1_168' title='bbox 883 2021 1105 2084; x_wconf 69' lang='lat' dir='ltr'><strong>gemine...morm)</strong></span> <span class='ocrx_word' id='word_1_169' title='bbox 1121 2023 1243 2070; x_wconf 83' lang='lat' dir='ltr'><strong>convenit</strong></span> <span class='ocrx_word' id='word_1_170' title='bbox 1288 2023 1291 2040; x_wconf 90' lang='lat'>&#39;</span> 
     </span>
     <span class='ocr_line' id='line_1_17' title="bbox 146 2035 1242 2150; baseline -0.002 -15"><span class='ocrx_word' id='word_1_171' title='bbox 146 2035 228 2135; x_wconf 51' lang='lat' dir='ltr'><strong>idum·</strong></span> <span class='ocrx_word' id='word_1_172' title='bbox 241 2082 293 2133; x_wconf 88' lang='lat' dir='ltr'><strong>Od.</strong></span> <span class='ocrx_word' id='word_1_173' title='bbox 306 2089 338 2131; x_wconf 83' lang='grc'><strong>11.</strong></span> <span class='ocrx_word' id='word_1_174' title='bbox 349 2087 471 2131; x_wconf 83' lang='grc'><strong>73-101.</strong></span> <span class='ocrx_word' id='word_1_175' title='bbox 488 2083 542 2146; x_wconf 82' lang='lat' dir='ltr'><strong>(cf.</strong></span> <span class='ocrx_word' id='word_1_176' title='bbox 554 2086 642 2147; x_wconf 85' lang='lat' dir='ltr'><strong>Eurip.</strong></span> <span class='ocrx_word' id='word_1_177' title='bbox 655 2087 725 2135; x_wconf 86' lang='lat' dir='ltr'><strong>Med.</strong></span> <span class='ocrx_word' id='word_1_178' title='bbox 734 2092 789 2136; x_wconf 89' lang='grc'><strong>431.</strong></span> <span class='ocrx_word' id='word_1_179' title='bbox 800 2087 909 2150; x_wconf 81' lang='lat' dir='ltr'><strong>AEsubyl.</strong></span> <span class='ocrx_word' id='word_1_180' title='bbox 920 2088 1011 2150; x_wconf 88' lang='lat' dir='ltr'><strong>Suppl.</strong></span> <span class='ocrx_word' id='word_1_181' title='bbox 1022 2089 1160 2135; x_wconf 75' lang='lat' dir='ltr'><strong>otn=5uu</strong></span> <span class='ocrx_word' id='word_1_182' title='bbox 1180 2086 1242 2134; x_wconf 83' lang='lat' dir='ltr'><strong>Pro·</strong></span> 
     </span>
     <span class='ocr_line' id='line_1_18' title="bbox 147 2145 1241 2214; baseline 0 -17"><span class='ocrx_word' id='word_1_183' title='bbox 147 2155 219 2211; x_wconf 81' lang='lat' dir='ltr'><strong>pert.</strong></span> <span class='ocrx_word' id='word_1_184' title='bbox 229 2160 273 2197; x_wconf 83' lang='lat'>111.</span> <span class='ocrx_word' id='word_1_185' title='bbox 285 2151 326 2197; x_wconf 74' lang='lat' dir='ltr'><strong>m.</strong></span> <span class='ocrx_word' id='word_1_186' title='bbox 340 2145 393 2208; x_wconf 88' lang='grc'><strong>13.)</strong></span> <span class='ocrx_word' id='word_1_187' title='bbox 425 2147 547 2196; x_wconf 79' lang='lat' dir='ltr'><strong>Ceterum</strong></span> <span class='ocrx_word' id='word_1_188' title='bbox 558 2148 614 2197; x_wconf 84' lang='lat' dir='ltr'><strong>lieri</strong></span> <span class='ocrx_word' id='word_1_189' title='bbox 627 2152 721 2211; x_wconf 85' lang='lat' dir='ltr'><strong>potuit,</strong></span> <span class='ocrx_word' id='word_1_190' title='bbox 734 2160 762 2200; x_wconf 84' lang='lat' dir='ltr'><strong>ut</strong></span> <span class='ocrx_word' id='word_1_191' title='bbox 781 2151 857 2214; x_wconf 82' lang='lat' dir='ltr'><strong>poe&#39;te</strong></span> <span class='ocrx_word' id='word_1_192' title='bbox 868 2158 956 2199; x_wconf 81' lang='lat' dir='ltr'><strong>noster</strong></span> <span class='ocrx_word' id='word_1_193' title='bbox 974 2149 1148 2200; x_wconf 81' lang='lat' dir='ltr'><strong>contunderet</strong></span> <span class='ocrx_word' id='word_1_194' title='bbox 1162 2149 1241 2210; x_wconf 82' lang='lat' dir='ltr'><strong>gomi·</strong></span> 
     </span>
     <span class='ocr_line' id='line_1_19' title="bbox 145 2212 1243 2278; baseline -0.002 -16"><span class='ocrx_word' id='word_1_195' title='bbox 145 2213 261 2262; x_wconf 84' lang='lat' dir='ltr'><strong>nosillos</strong></span> <span class='ocrx_word' id='word_1_196' title='bbox 272 2212 393 2275; x_wconf 83' lang='lat' dir='ltr'><strong>scopulos</strong></span> <span class='ocrx_word' id='word_1_197' title='bbox 402 2218 430 2259; x_wconf 90' lang='lat' dir='ltr'><strong>et</strong></span> <span class='ocrx_word' id='word_1_198' title='bbox 440 2214 565 2271; x_wconf 71' lang='grc' dir='ltr'><strong>πλαγκτὰς</strong></span> <span class='ocrx_word' id='word_1_199' title='bbox 575 2213 670 2276; x_wconf 67' lang='lat' dir='ltr'><strong>sirpus,</strong></span> <span class='ocrx_word' id='word_1_200' title='bbox 690 2215 815 2278; x_wconf 77' lang='lat' dir='ltr'><strong>deceptus</strong></span> <span class='ocrx_word' id='word_1_201' title='bbox 831 2216 897 2274; x_wconf 85' lang='lat' dir='ltr'><strong>loco,</strong></span> <span class='ocrx_word' id='word_1_202' title='bbox 911 2228 986 2278; x_wconf 85' lang='lat' dir='ltr'><strong>quem</strong></span> <span class='ocrx_word' id='word_1_203' title='bbox 999 2223 1059 2263; x_wconf 80' lang='lat' dir='ltr'><strong>aute</strong></span> <span class='ocrx_word' id='word_1_204' title='bbox 1068 2213 1155 2263; x_wconf 88' lang='lat' dir='ltr'><strong>oculos</strong></span> <span class='ocrx_word' id='word_1_205' title='bbox 1165 2213 1243 2261; x_wconf 79' lang='lat' dir='ltr'><strong>bobe-</strong></span> 
     </span>
     <span class='ocr_line' id='line_1_20' title="bbox 146 2275 1241 2342; baseline -0.001 -15"><span class='ocrx_word' id='word_1_206' title='bbox 146 2275 203 2340; x_wconf 75' lang='lat' dir='ltr'><strong>bet,</strong></span> <span class='ocrx_word' id='word_1_207' title='bbox 213 2276 304 2327; x_wconf 71' lang='lat' dir='ltr'><strong>OM.</strong></span> <span class='ocrx_word' id='word_1_208' title='bbox 313 2278 370 2325; x_wconf 77' lang='grc'><strong>317.</strong></span> <span class='ocrx_word' id='word_1_209' title='bbox 403 2276 515 2339; x_wconf 85' lang='lat' dir='ltr'><strong>Reposni</strong></span> <span class='ocrx_word' id='word_1_210' title='bbox 527 2277 605 2338; x_wconf 84' lang='lat' dir='ltr'><strong>igitur</strong></span> <span class='ocrx_word' id='word_1_211' title='bbox 618 2280 761 2339; x_wconf 86' lang='lat' dir='ltr'><strong>lectionem,</strong></span> <span class='ocrx_word' id='word_1_212' title='bbox 778 2280 850 2328; x_wconf 82' lang='lat' dir='ltr'><strong>Illum</strong></span> <span class='ocrx_word' id='word_1_213' title='bbox 865 2280 928 2328; x_wconf 82' lang='lat' dir='ltr'><strong>ister</strong></span> <span class='ocrx_word' id='word_1_214' title='bbox 936 2279 1026 2340; x_wconf 76' lang='lat' dir='ltr'><strong>gemini</strong></span> <span class='ocrx_word' id='word_1_215' title='bbox 1036 2277 1241 2342; x_wconf 78' lang='lat' dir='ltr'><strong>nonlemconflsio</strong></span> 
     </span>
     <span class='ocr_line' id='line_1_21' title="bbox 146 2339 1241 2405; baseline -0.002 -14"><span class='ocrx_word' id='word_1_216' title='bbox 146 2341 252 2401; x_wconf 62' lang='lat' dir='ltr'><strong>nostin</strong></span> <span class='ocrx_word' id='word_1_217' title='bbox 268 2354 335 2404; x_wconf 78' lang='lat' dir='ltr'><strong>quan</strong></span> <span class='ocrx_word' id='word_1_218' title='bbox 355 2353 412 2388; x_wconf 81' lang='lat' dir='ltr'><strong>unm</strong></span> <span class='ocrx_word' id='word_1_219' title='bbox 422 2339 503 2402; x_wconf 82' lang='lat' dir='ltr'><strong>probe</strong></span> <span class='ocrx_word' id='word_1_220' title='bbox 515 2341 608 2403; x_wconf 85' lang='lat' dir='ltr'><strong>sciens,</strong></span> <span class='ocrx_word' id='word_1_221' title='bbox 620 2357 667 2405; x_wconf 84' lang='lat' dir='ltr'><strong>per</strong></span> <span class='ocrx_word' id='word_1_222' title='bbox 677 2357 706 2391; x_wconf 87' lang='lat' dir='ltr'><strong>se</strong></span> <span class='ocrx_word' id='word_1_223' title='bbox 718 2352 790 2392; x_wconf 85' lang='lat' dir='ltr'><strong>secte</strong></span> <span class='ocrx_word' id='word_1_224' title='bbox 802 2344 854 2392; x_wconf 85' lang='lat' dir='ltr'><strong>dici</strong></span> <span class='ocrx_word' id='word_1_225' title='bbox 925 2343 1064 2392; x_wconf 81' lang='lat' dir='ltr'><strong>uismortis.</strong></span> <span class='ocrx_word' id='word_1_226' title='bbox 1099 2341 1241 2404; x_wconf 76' lang='lat' dir='ltr'><strong>Appuleius</strong></span> 
     </span>
     <span class='ocr_line' id='line_1_22' title="bbox 145 2404 1240 2469; baseline 0 -14"><span class='ocrx_word' id='word_1_227' title='bbox 145 2404 305 2469; x_wconf 54' lang='grc'><strong>11413333</strong></span> <span class='ocrx_word' id='word_1_228' title='bbox 349 2404 428 2452; x_wconf 72' lang='lat' dir='ltr'><strong>mett.</strong></span> <span class='ocrx_word' id='word_1_229' title='bbox 463 2405 533 2453; x_wconf 79' lang='lat' dir='ltr'><strong>Illum</strong></span> <span class='ocrx_word' id='word_1_230' title='bbox 542 2420 584 2468; x_wconf 83' lang='lat' dir='ltr'><strong>per</strong></span> <span class='ocrx_word' id='word_1_231' title='bbox 593 2409 694 2467; x_wconf 76' lang='lat' dir='ltr'><strong>gemina</strong></span> <span class='ocrx_word' id='word_1_232' title='bbox 703 2408 869 2457; x_wconf 74' lang='lat' dir='ltr'><strong>Colimtbttl.</strong></span> <span class='ocrx_word' id='word_1_233' title='bbox 907 2406 1240 2455; x_wconf 80' lang='lat' dir='ltr'><strong>otumversumnoohsbet</strong></span> 
     </span>
     <span class='ocr_line' id='line_1_23' title="bbox 144 2467 1239 2534; baseline -0.002 -13"><span class='ocrx_word' id='word_1_234' title='bbox 144 2469 227 2534; x_wconf 70' lang='lat' dir='ltr'><strong>Augu</strong></span> <span class='ocrx_word' id='word_1_235' title='bbox 240 2472 326 2518; x_wconf 85' lang='grc'><strong>1.-71</strong></span> <span class='ocrx_word' id='word_1_236' title='bbox 343 2467 439 2518; x_wconf 77' lang='lat' dir='ltr'><strong>Scele</strong></span> <span class='ocrx_word' id='word_1_237' title='bbox 456 2468 514 2531; x_wconf 87' lang='lat' dir='ltr'><strong>Cuj.</strong></span> <span class='ocrx_word' id='word_1_238' title='bbox 528 2471 641 2532; x_wconf 75' lang='lat' dir='ltr'><strong>reposuit</strong></span> <span class='ocrx_word' id='word_1_239' title='bbox 658 2486 706 2532; x_wconf 84' lang='lat' dir='ltr'><strong>ore,</strong></span> <span class='ocrx_word' id='word_1_240' title='bbox 738 2471 788 2521; x_wconf 92' lang='lat' dir='ltr'><strong>uod</strong></span> <span class='ocrx_word' id='word_1_241' title='bbox 808 2472 903 2520; x_wconf 74' lang='lat' dir='ltr'><strong>babent</strong></span> <span class='ocrx_word' id='word_1_242' title='bbox 922 2472 999 2519; x_wconf 86' lang='lat' dir='ltr'><strong>etium</strong></span> <span class='ocrx_word' id='word_1_243' title='bbox 1019 2478 1129 2534; x_wconf 75' lang='lat' dir='ltr'><strong>quotum</strong></span> <span class='ocrx_word' id='word_1_244' title='bbox 1147 2485 1190 2533; x_wconf 82' lang='lat' dir='ltr'><strong>sp.</strong></span> <span class='ocrx_word' id='word_1_245' title='bbox 1203 2469 1239 2519; x_wconf 89' lang='grc' dir='ltr'><strong>Η.</strong></span> 
     </span>
     <span class='ocr_line' id='line_1_24' title="bbox 144 2488 1241 2598; baseline -0.001 -15"><span class='ocrx_word' id='word_1_246' title='bbox 144 2534 222 2585; x_wconf 81' lang='lat' dir='ltr'><strong>Voss.</strong></span> <span class='ocrx_word' id='word_1_247' title='bbox 232 2534 293 2583; x_wconf 80' lang='lat' dir='ltr'><strong>Vnt.</strong></span> <span class='ocrx_word' id='word_1_248' title='bbox 305 2532 395 2582; x_wconf 80' lang='lat' dir='ltr'><strong>Heius.</strong></span> <span class='ocrx_word' id='word_1_249' title='bbox 407 2536 429 2580; x_wconf 90' lang='grc'><strong>1.</strong></span> <span class='ocrx_word' id='word_1_250' title='bbox 439 2535 464 2581; x_wconf 81' lang='grc'><strong>3.</strong></span> <span class='ocrx_word' id='word_1_251' title='bbox 482 2541 508 2580; x_wconf 84' lang='lat' dir='ltr'><strong>et</strong></span> <span class='ocrx_word' id='word_1_252' title='bbox 518 2534 581 2581; x_wconf 82' lang='lat' dir='ltr'><strong>Exn.</strong></span> <span class='ocrx_word' id='word_1_253' title='bbox 593 2534 671 2584; x_wconf 86' lang='lat' dir='ltr'><strong>Poce.</strong></span> <span class='ocrx_word' id='word_1_254' title='bbox 684 2545 710 2586; x_wconf 83' lang='lat' dir='ltr'><strong>et</strong></span> <span class='ocrx_word' id='word_1_255' title='bbox 720 2488 793 2598; x_wconf 62' lang='grc'><strong>(11111.</strong></span> <span class='ocrx_word' id='word_1_256' title='bbox 805 2536 830 2583; x_wconf 89' lang='lat' dir='ltr'><strong>in</strong></span> <span class='ocrx_word' id='word_1_257' title='bbox 842 2535 937 2585; x_wconf 81' lang='lat' dir='ltr'><strong>ceteris</strong></span> <span class='ocrx_word' id='word_1_258' title='bbox 945 2535 1073 2584; x_wconf 75' lang='lat' dir='ltr'><strong>orbe-72</strong></span> <span class='ocrx_word' id='word_1_259' title='bbox 1091 2535 1168 2589; x_wconf 79' lang='lat' dir='ltr'><strong>Quum</strong></span> <span class='ocrx_word' id='word_1_260' title='bbox 1176 2535 1241 2582; x_wconf 82' lang='lat' dir='ltr'><strong>coui-</strong></span> 
     </span>
     <span class='ocr_line' id='line_1_25' title="bbox 143 2596 1240 2663; baseline -0.004 -14"><span class='ocrx_word' id='word_1_261' title='bbox 143 2597 188 2649; x_wconf 68' lang='grc' dir='ltr'><strong>δυ</strong></span> <span class='ocrx_word' id='word_1_262' title='bbox 197 2596 436 2656; x_wconf 68' lang='lat' dir='ltr'><strong>mfflnislesfrelo</strong></span> <span class='ocrx_word' id='word_1_263' title='bbox 445 2596 547 2645; x_wconf 73' lang='lat' dir='ltr'><strong>sorberet</strong></span> <span class='ocrx_word' id='word_1_264' title='bbox 558 2599 631 2646; x_wconf 67' lang='lat' dir='ltr'><strong>umus</strong></span> <span class='ocrx_word' id='word_1_265' title='bbox 642 2597 722 2649; x_wconf 85' lang='lat' dir='ltr'><strong>edidit</strong></span> <span class='ocrx_word' id='word_1_266' title='bbox 730 2599 846 2650; x_wconf 77' lang='lat' dir='ltr'><strong>Bronlib.</strong></span> <span class='ocrx_word' id='word_1_267' title='bbox 855 2613 965 2663; x_wconf 85' lang='lat' dir='ltr'><strong>eumque</strong></span> <span class='ocrx_word' id='word_1_268' title='bbox 974 2607 1078 2648; x_wconf 85' lang='lat' dir='ltr'><strong>secutus</strong></span> <span class='ocrx_word' id='word_1_269' title='bbox 1087 2606 1144 2647; x_wconf 78' lang='lat' dir='ltr'><strong>erat</strong></span> <span class='ocrx_word' id='word_1_270' title='bbox 1153 2599 1240 2659; x_wconf 82' lang='lat' dir='ltr'><strong>Heyu.</strong></span> 
     </span>
     <span class='ocr_line' id='line_1_26' title="bbox 143 2661 1240 2724; baseline -0.005 -10"><span class='ocrx_word' id='word_1_271' title='bbox 143 2663 172 2714; x_wconf 80' lang='lat' dir='ltr'><strong>ln</strong></span> <span class='ocrx_word' id='word_1_272' title='bbox 184 2663 227 2713; x_wconf 79' lang='lat' dir='ltr'><strong>ed.</strong></span> <span class='ocrx_word' id='word_1_273' title='bbox 271 2664 336 2721; x_wconf 86' lang='grc' dir='ltr'><strong>ἰιιι;</strong></span> <span class='ocrx_word' id='word_1_274' title='bbox 358 2661 453 2709; x_wconf 74' lang='lat' dir='ltr'><strong>rabidos</strong></span> <span class='ocrx_word' id='word_1_275' title='bbox 472 2669 528 2709; x_wconf 83' lang='lat' dir='ltr'><strong>emt</strong></span> <span class='ocrx_word' id='word_1_276' title='bbox 549 2664 575 2710; x_wconf 91' lang='lat' dir='ltr'><strong>iu</strong></span> <span class='ocrx_word' id='word_1_277' title='bbox 595 2677 641 2710; x_wconf 85' lang='lat' dir='ltr'><strong>sex</strong></span> <span class='ocrx_word' id='word_1_278' title='bbox 661 2664 738 2713; x_wconf 86' lang='lat' dir='ltr'><strong>codd.</strong></span> <span class='ocrx_word' id='word_1_279' title='bbox 755 2672 782 2713; x_wconf 89' lang='lat' dir='ltr'><strong>et</strong></span> <span class='ocrx_word' id='word_1_280' title='bbox 802 2664 838 2713; x_wconf 88' lang='lat' dir='ltr'><strong>sic</strong></span> <span class='ocrx_word' id='word_1_281' title='bbox 856 2662 978 2713; x_wconf 63' lang='lat' dir='ltr'><strong>Gnelm.</strong></span> <span class='ocrx_word' id='word_1_282' title='bbox 1001 2663 1103 2712; x_wconf 74' lang='lat' dir='ltr'><strong>sorbtret</strong></span> <span class='ocrx_word' id='word_1_283' title='bbox 1123 2663 1240 2724; x_wconf 71' lang='grc' dir='ltr'><strong>ἄρχαῖκῦι</strong></span> 
     </span>
     <span class='ocr_line' id='line_1_27' title="bbox 143 2676 1239 2791; baseline -0.004 -14"><span class='ocrx_word' id='word_1_284' title='bbox 143 2727 215 2791; x_wconf 78' lang='lat' dir='ltr'><strong>conj.</strong></span> <span class='ocrx_word' id='word_1_285' title='bbox 226 2676 295 2790; x_wconf 54' lang='grc'><strong>(11119.</strong></span> <span class='ocrx_word' id='word_1_286' title='bbox 304 2733 332 2775; x_wconf 84' lang='lat' dir='ltr'><strong>et</strong></span> <span class='ocrx_word' id='word_1_287' title='bbox 340 2725 426 2788; x_wconf 72' lang='lat' dir='ltr'><strong>flego.</strong></span> <span class='ocrx_word' id='word_1_288' title='bbox 438 2725 515 2779; x_wconf 80' lang='lat' dir='ltr'><strong>Quum</strong></span> <span class='ocrx_word' id='word_1_289' title='bbox 523 2742 543 2774; x_wconf 82' lang='lat' dir='ltr'><strong>c.</strong></span> <span class='ocrx_word' id='word_1_290' title='bbox 551 2726 648 2775; x_wconf 75' lang='lat' dir='ltr'><strong>rubidus</strong></span> <span class='ocrx_word' id='word_1_291' title='bbox 655 2727 718 2777; x_wconf 78' lang='lat' dir='ltr'><strong>ister</strong></span> <span class='ocrx_word' id='word_1_292' title='bbox 723 2727 887 2790; x_wconf 79' lang='lat' dir='ltr'><strong>feru&#39;serperet</strong></span> <span class='ocrx_word' id='word_1_293' title='bbox 893 2728 968 2776; x_wconf 76' lang='lat' dir='ltr'><strong>undas</strong></span> <span class='ocrx_word' id='word_1_294' title='bbox 976 2727 1078 2790; x_wconf 80' lang='lat' dir='ltr'><strong>legebat</strong></span> <span class='ocrx_word' id='word_1_295' title='bbox 1085 2727 1187 2775; x_wconf 81' lang='lat' dir='ltr'><strong>Passer.</strong></span> <span class='ocrx_word' id='word_1_296' title='bbox 1196 2726 1239 2790; x_wconf 80' lang='lat' dir='ltr'><strong>qni</strong></span> 
     </span>
     <span class='ocr_line' id='line_1_28' title="bbox 143 2788 1238 2854; baseline -0.002 -14"><span class='ocrx_word' id='word_1_297' title='bbox 143 2792 210 2840; x_wconf 74' lang='lat' dir='ltr'><strong>bunc</strong></span> <span class='ocrx_word' id='word_1_298' title='bbox 228 2791 337 2840; x_wconf 74' lang='lat' dir='ltr'><strong>atteram</strong></span> <span class='ocrx_word' id='word_1_299' title='bbox 353 2788 454 2838; x_wconf 88' lang='lat' dir='ltr'><strong>emend.</strong></span> <span class='ocrx_word' id='word_1_300' title='bbox 474 2791 618 2852; x_wconf 84' lang='lat' dir='ltr'><strong>proposuit,</strong></span> <span class='ocrx_word' id='word_1_301' title='bbox 639 2793 718 2846; x_wconf 82' lang='lat' dir='ltr'><strong>Quum</strong></span> <span class='ocrx_word' id='word_1_302' title='bbox 735 2809 755 2843; x_wconf 82' lang='lat' dir='ltr'><strong>e.</strong></span> <span class='ocrx_word' id='word_1_303' title='bbox 774 2793 856 2841; x_wconf 80' lang='lat' dir='ltr'><strong>rubido</strong></span> <span class='ocrx_word' id='word_1_304' title='bbox 866 2792 946 2841; x_wconf 82' lang='lat' dir='ltr'><strong>subter</strong></span> <span class='ocrx_word' id='word_1_305' title='bbox 955 2791 1023 2850; x_wconf 78' lang='lat' dir='ltr'><strong>fretu</strong></span> <span class='ocrx_word' id='word_1_306' title='bbox 1039 2796 1141 2854; x_wconf 77' lang='lat' dir='ltr'><strong>serperet</strong></span> <span class='ocrx_word' id='word_1_307' title='bbox 1160 2792 1238 2838; x_wconf 77' lang='lat' dir='ltr'><strong>undo:</strong></span> 
     </span>
     <span class='ocr_line' id='line_1_29' title="bbox 143 2852 1239 2919; baseline -0.003 -14"><span class='ocrx_word' id='word_1_308' title='bbox 143 2855 208 2906; x_wconf 79' lang='lat' dir='ltr'><strong>Per.</strong></span> <span class='ocrx_word' id='word_1_309' title='bbox 226 2869 286 2904; x_wconf 85' lang='lat' dir='ltr'><strong>cum</strong></span> <span class='ocrx_word' id='word_1_310' title='bbox 302 2854 408 2902; x_wconf 86' lang='lat' dir='ltr'><strong>Venett.</strong></span> <span class='ocrx_word' id='word_1_311' title='bbox 422 2857 492 2901; x_wconf 88' lang='grc'><strong>1491.</strong></span> <span class='ocrx_word' id='word_1_312' title='bbox 503 2858 574 2903; x_wconf 80' lang='grc'><strong>1493.</strong></span> <span class='ocrx_word' id='word_1_313' title='bbox 588 2863 615 2902; x_wconf 88' lang='lat' dir='ltr'><strong>et</strong></span> <span class='ocrx_word' id='word_1_314' title='bbox 631 2854 691 2905; x_wconf 80' lang='lat' dir='ltr'><strong>Aul.</strong></span> <span class='ocrx_word' id='word_1_315' title='bbox 709 2857 805 2905; x_wconf 83' lang='lat' dir='ltr'><strong>hubent</strong></span> <span class='ocrx_word' id='word_1_316' title='bbox 816 2856 913 2919; x_wconf 84' lang='lat' dir='ltr'><strong>rupidus</strong></span> <span class='ocrx_word' id='word_1_317' title='bbox 923 2855 986 2903; x_wconf 82' lang='lat' dir='ltr'><strong>inter</strong></span> <span class='ocrx_word' id='word_1_318' title='bbox 990 2855 1073 2913; x_wconf 80' lang='lat' dir='ltr'><strong>fretu,¹</strong></span> <span class='ocrx_word' id='word_1_319' title='bbox 1099 2852 1157 2901; x_wconf 90' lang='lat' dir='ltr'><strong>cod.</strong></span> <span class='ocrx_word' id='word_1_320' title='bbox 1169 2855 1239 2915; x_wconf 86' lang='lat' dir='ltr'><strong>Lips.</strong></span> 
     </span>
     <span class='ocr_line' id='line_1_30' title="bbox 143 2916 1239 2984; baseline -0.005 -15"><span class='ocrx_word' id='word_1_321' title='bbox 143 2919 242 2984; x_wconf 78' lang='lat' dir='ltr'><strong>npidss</strong></span> <span class='ocrx_word' id='word_1_322' title='bbox 252 2917 359 2978; x_wconf 65' lang='lat' dir='ltr'><strong>insutu</strong></span> <span class='ocrx_word' id='word_1_323' title='bbox 383 2917 479 2965; x_wconf 84' lang='lat' dir='ltr'><strong>Zwicc.</strong></span> <span class='ocrx_word' id='word_1_324' title='bbox 493 2922 516 2965; x_wconf 86' lang='grc'><strong>1.</strong></span> <span class='ocrx_word' id='word_1_325' title='bbox 528 2923 552 2966; x_wconf 82' lang='grc'><strong>2.</strong></span> <span class='ocrx_word' id='word_1_326' title='bbox 564 2920 660 2980; x_wconf 78' lang='lat' dir='ltr'><strong>rupidus</strong></span> <span class='ocrx_word' id='word_1_327' title='bbox 670 2921 705 2968; x_wconf 83' lang='lat' dir='ltr'><strong>sie</strong></span> <span class='ocrx_word' id='word_1_328' title='bbox 716 2920 822 2978; x_wconf 69' lang='lat' dir='ltr'><strong>infretis.</strong></span> <span class='ocrx_word' id='word_1_329' title='bbox 856 2919 950 2967; x_wconf 81' lang='lat' dir='ltr'><strong>‘Hunc</strong></span> <span class='ocrx_word' id='word_1_330' title='bbox 960 2919 1019 2965; x_wconf 83' lang='lat' dir='ltr'><strong>lect.</strong></span> <span class='ocrx_word' id='word_1_331' title='bbox 1037 2918 1062 2963; x_wconf 91' lang='lat' dir='ltr'><strong>iu</strong></span> <span class='ocrx_word' id='word_1_332' title='bbox 1074 2917 1144 2964; x_wconf 90' lang='lat' dir='ltr'><strong>nullo</strong></span> <span class='ocrx_word' id='word_1_333' title='bbox 1155 2916 1239 2964; x_wconf 81' lang='lat' dir='ltr'><strong>adhuc</strong></span> 
     </span>
     <span class='ocr_line' id='line_1_31' title="bbox 143 2979 1238 3046; baseline -0.007 -14"><span class='ocrx_word' id='word_1_334' title='bbox 143 2983 210 3034; x_wconf 81' lang='lat' dir='ltr'><strong>libro</strong></span> <span class='ocrx_word' id='word_1_335' title='bbox 220 2984 319 3046; x_wconf 81' lang='lat' dir='ltr'><strong>scripto</strong></span> <span class='ocrx_word' id='word_1_336' title='bbox 329 2989 468 3044; x_wconf 83' lang='lat' dir='ltr'><strong>repertum,</strong></span> <span class='ocrx_word' id='word_1_337' title='bbox 487 2982 611 3031; x_wconf 84' lang='lat' dir='ltr'><strong>exhibent</strong></span> <span class='ocrx_word' id='word_1_338' title='bbox 633 2984 674 3030; x_wconf 88' lang='lat' dir='ltr'><strong>ed.</strong></span> <span class='ocrx_word' id='word_1_339' title='bbox 695 2998 734 3046; x_wconf 86' lang='lat' dir='ltr'><strong>pr.</strong></span> <span class='ocrx_word' id='word_1_340' title='bbox 752 2984 811 3044; x_wconf 83' lang='lat' dir='ltr'><strong>mej.</strong></span> <span class='ocrx_word' id='word_1_341' title='bbox 831 2984 925 3030; x_wconf 86' lang='lat' dir='ltr'><strong>venet.</strong></span> <span class='ocrx_word' id='word_1_342' title='bbox 938 2986 962 3028; x_wconf 81' lang='grc'><strong>2.</strong></span> <span class='ocrx_word' id='word_1_343' title='bbox 982 2981 1085 3027; x_wconf 89' lang='lat' dir='ltr'><strong>Vicent.</strong></span> <span class='ocrx_word' id='word_1_344' title='bbox 1104 2979 1174 3041; x_wconf 90' lang='lat' dir='ltr'><strong>Lips.</strong></span> <span class='ocrx_word' id='word_1_345' title='bbox 1195 2993 1238 3040; x_wconf 80' lang='lat' dir='ltr'><strong>ep.</strong></span> 
     </span>
     <span class='ocr_line' id='line_1_32' title="bbox 143 3042 1239 3160; baseline -0.01 -62"><span class='ocrx_word' id='word_1_346' title='bbox 143 3048 232 3114; x_wconf 68' lang='lat' dir='ltr'><strong>Regu.</strong></span> <span class='ocrx_word' id='word_1_347' title='bbox 244 3057 273 3097; x_wconf 88' lang='lat' dir='ltr'><strong>et</strong></span> <span class='ocrx_word' id='word_1_348' title='bbox 281 3046 365 3160; x_wconf 54' lang='lat' dir='ltr'><strong>Rbeg.</strong></span> <span class='ocrx_word' id='word_1_349' title='bbox 381 3046 441 3094; x_wconf 75' lang='lat' dir='ltr'><strong>em</strong></span> <span class='ocrx_word' id='word_1_350' title='bbox 451 3046 547 3093; x_wconf 69' lang='lat' dir='ltr'><strong>condus</strong></span> <span class='ocrx_word' id='word_1_351' title='bbox 557 3046 695 3108; x_wconf 78' lang='lat' dir='ltr'><strong>rupidussie</strong></span> <span class='ocrx_word' id='word_1_352' title='bbox 763 3048 790 3094; x_wconf 79' lang='lat' dir='ltr'><strong>is</strong></span> <span class='ocrx_word' id='word_1_353' title='bbox 803 3045 872 3104; x_wconf 72' lang='lat' dir='ltr'><strong>freto</strong></span> <span class='ocrx_word' id='word_1_354' title='bbox 882 3048 985 3107; x_wconf 74' lang='lat' dir='ltr'><strong>serperet</strong></span> <span class='ocrx_word' id='word_1_355' title='bbox 995 3046 1083 3091; x_wconf 79' lang='lat' dir='ltr'><strong>eudes:</strong></span> <span class='ocrx_word' id='word_1_356' title='bbox 1096 3042 1183 3117; x_wconf 33' lang='lat' dir='ltr'><strong>&#39;spatio</strong></span> <span class='ocrx_word' id='word_1_357' title='bbox 1200 3055 1239 3116; x_wconf 82' lang='lat' dir='ltr'><strong>re·</strong></span> 
     </span>
     <span class='ocr_line' id='line_1_33' title="bbox 141 3107 1239 3172; baseline -0.008 -10"><span class='ocrx_word' id='word_1_358' title='bbox 141 3113 340 3164; x_wconf 80' lang='lat' dir='ltr'><strong>lietuintssses</strong></span> <span class='ocrx_word' id='word_1_359' title='bbox 358 3110 418 3158; x_wconf 78' lang='lat' dir='ltr'><strong>uie</strong></span> <span class='ocrx_word' id='word_1_360' title='bbox 429 3115 456 3158; x_wconf 88' lang='lat' dir='ltr'><strong>et</strong></span> <span class='ocrx_word' id='word_1_361' title='bbox 472 3109 586 3169; x_wconf 75' lang='lat' dir='ltr'><strong>insuto,</strong></span> <span class='ocrx_word' id='word_1_362' title='bbox 604 3118 676 3159; x_wconf 81' lang='lat' dir='ltr'><strong>certe</strong></span> <span class='ocrx_word' id='word_1_363' title='bbox 694 3110 719 3159; x_wconf 93' lang='lat' dir='ltr'><strong>in</strong></span> <span class='ocrx_word' id='word_1_364' title='bbox 739 3109 779 3159; x_wconf 91' lang='lat' dir='ltr'><strong>ed.</strong></span> <span class='ocrx_word' id='word_1_365' title='bbox 791 3123 830 3172; x_wconf 85' lang='lat' dir='ltr'><strong>pr.</strong></span> <span class='ocrx_word' id='word_1_366' title='bbox 839 3110 898 3172; x_wconf 78' lang='lat' dir='ltr'><strong>maj.</strong></span> <span class='ocrx_word' id='word_1_367' title='bbox 916 3117 943 3156; x_wconf 88' lang='lat' dir='ltr'><strong>et</strong></span> <span class='ocrx_word' id='word_1_368' title='bbox 960 3107 1045 3168; x_wconf 82' lang='lat' dir='ltr'><strong>Rheg.</strong></span> <span class='ocrx_word' id='word_1_369' title='bbox 1062 3119 1103 3154; x_wconf 79' lang='lat' dir='ltr'><strong>eui</strong></span> <span class='ocrx_word' id='word_1_370' title='bbox 1118 3111 1239 3167; x_wconf 75' lang='lat' dir='ltr'><strong>ascripsit</strong></span> 
     </span>
     <span class='ocr_line' id='line_1_34' title="bbox 142 3168 1239 3237; baseline -0.011 -8"><span class='ocrx_word' id='word_1_371' title='bbox 142 3179 176 3228; x_wconf 78' lang='lat' dir='ltr'><strong>V.</strong></span> <span class='ocrx_word' id='word_1_372' title='bbox 184 3178 220 3228; x_wconf 86' lang='lat' dir='ltr'><strong>D.</strong></span> <span class='ocrx_word' id='word_1_373' title='bbox 233 3173 427 3226; x_wconf 64' lang='lat' dir='ltr'><strong>‘Scribo-liceto</strong></span> <span class='ocrx_word' id='word_1_374' title='bbox 438 3171 545 3231; x_wconf 73' lang='lat' dir='ltr'><strong>insueto.</strong></span> <span class='ocrx_word' id='word_1_375' title='bbox 571 3175 652 3224; x_wconf 80' lang='lat' dir='ltr'><strong>Pelet.</strong></span> <span class='ocrx_word' id='word_1_376' title='bbox 665 3175 771 3237; x_wconf 82' lang='lat' dir='ltr'><strong>primus,</strong></span> <span class='ocrx_word' id='word_1_377' title='bbox 781 3175 840 3223; x_wconf 80' lang='lat' dir='ltr'><strong>Cum</strong></span> <span class='ocrx_word' id='word_1_378' title='bbox 851 3173 946 3222; x_wconf 72' lang='lat' dir='ltr'><strong>conibet</strong></span> <span class='ocrx_word' id='word_1_379' title='bbox 954 3172 1050 3220; x_wconf 81' lang='lat' dir='ltr'><strong>rubidus</strong></span> <span class='ocrx_word' id='word_1_380' title='bbox 1056 3168 1153 3229; x_wconf 73' lang='lat' dir='ltr'><strong>infecto</strong></span> <span class='ocrx_word' id='word_1_381' title='bbox 1161 3184 1239 3232; x_wconf 79' lang='lat' dir='ltr'><strong>serpe-</strong></span> 
     </span>
     <span class='ocr_line' id='line_1_35' title="bbox 141 3234 1239 3302; baseline -0.009 -10"><span class='ocrx_word' id='word_1_382' title='bbox 141 3247 181 3292; x_wconf 76' lang='lat' dir='ltr'><strong>ret</strong></span> <span class='ocrx_word' id='word_1_383' title='bbox 188 3242 275 3302; x_wconf 69' lang='lat' dir='ltr'><strong>ndns,</strong></span> <span class='ocrx_word' id='word_1_384' title='bbox 286 3239 448 3288; x_wconf 79' lang='lat' dir='ltr'><strong>omissuoce</strong></span> <span class='ocrx_word' id='word_1_385' title='bbox 457 3246 635 3298; x_wconf 67' lang='lat' dir='ltr'><strong>controversum</strong></span> <span class='ocrx_word' id='word_1_386' title='bbox 643 3247 671 3288; x_wconf 87' lang='lat' dir='ltr'><strong>et</strong></span> <span class='ocrx_word' id='word_1_387' title='bbox 679 3240 705 3287; x_wconf 90' lang='lat' dir='ltr'><strong>in</strong></span> <span class='ocrx_word' id='word_1_388' title='bbox 712 3239 760 3287; x_wconf 82' lang='lat' dir='ltr'><strong>bec</strong></span> <span class='ocrx_word' id='word_1_389' title='bbox 769 3237 882 3287; x_wconf 90' lang='lat' dir='ltr'><strong>editione</strong></span> <span class='ocrx_word' id='word_1_390' title='bbox 891 3244 931 3287; x_wconf 83' lang='lat' dir='ltr'><strong>est</strong></span> <span class='ocrx_word' id='word_1_391' title='bbox 938 3235 1060 3300; x_wconf 75' lang='lat' dir='ltr'><strong>spatium,</strong></span> <span class='ocrx_word' id='word_1_392' title='bbox 1067 3242 1096 3285; x_wconf 90' lang='lat' dir='ltr'><strong>ut</strong></span> <span class='ocrx_word' id='word_1_393' title='bbox 1105 3234 1137 3282; x_wconf 83' lang='lat' dir='ltr'><strong>sb</strong></span> <span class='ocrx_word' id='word_1_394' title='bbox 1146 3234 1239 3283; x_wconf 84' lang='lat' dir='ltr'><strong>abbre-</strong></span> 
     </span>
     <span class='ocr_line' id='line_1_36' title="bbox 143 3299 1238 3366; baseline -0.01 -9"><span class='ocrx_word' id='word_1_395' title='bbox 143 3306 260 3357; x_wconf 71' lang='lat' dir='ltr'><strong>milone</strong></span> <span class='ocrx_word' id='word_1_396' title='bbox 268 3318 340 3353; x_wconf 81' lang='lat' dir='ltr'><strong>error</strong></span> <span class='ocrx_word' id='word_1_397' title='bbox 350 3301 486 3352; x_wconf 77' lang='lat' dir='ltr'><strong>manifesto</strong></span> <span class='ocrx_word' id='word_1_398' title='bbox 494 3302 612 3351; x_wconf 69' lang='lat' dir='ltr'><strong>venerit!</strong></span> <span class='ocrx_word' id='word_1_399' title='bbox 626 3302 834 3352; x_wconf 83' lang='lat' dir='ltr'><strong>Immolibrerius</strong></span> <span class='ocrx_word' id='word_1_400' title='bbox 846 3302 950 3366; x_wconf 85' lang='lat' dir='ltr'><strong>quidam</strong></span> <span class='ocrx_word' id='word_1_401' title='bbox 963 3314 1062 3349; x_wconf 74' lang='lat' dir='ltr'><strong>versum</strong></span> <span class='ocrx_word' id='word_1_402' title='bbox 1073 3299 1238 3349; x_wconf 73' lang='lat' dir='ltr'><strong>decurtatum</strong></span> 
     </span>
     <span class='ocr_line' id='line_1_37' title="bbox 142 3364 1238 3435; baseline -0.009 -14"><span class='ocrx_word' id='word_1_403' title='bbox 142 3370 277 3435; x_wconf 75' lang='lat' dir='ltr'><strong>reperiens</strong></span> <span class='ocrx_word' id='word_1_404' title='bbox 288 3368 405 3417; x_wconf 81' lang='lat' dir='ltr'><strong>sllevisse</strong></span> <span class='ocrx_word' id='word_1_405' title='bbox 415 3364 519 3414; x_wconf 80' lang='lat' dir='ltr'><strong>videtur</strong></span> <span class='ocrx_word' id='word_1_406' title='bbox 528 3368 572 3429; x_wconf 72' lang='grc' dir='ltr'><strong>αἰ,</strong></span> <span class='ocrx_word' id='word_1_407' title='bbox 583 3368 650 3432; x_wconf 88' lang='lat' dir='ltr'><strong>quod</strong></span> <span class='ocrx_word' id='word_1_408' title='bbox 663 3366 764 3428; x_wconf 88' lang='lat' dir='ltr'><strong>deinde,</strong></span> <span class='ocrx_word' id='word_1_409' title='bbox 777 3374 806 3416; x_wconf 90' lang='lat' dir='ltr'><strong>ut</strong></span> <span class='ocrx_word' id='word_1_410' title='bbox 817 3365 872 3415; x_wconf 87' lang='lat' dir='ltr'><strong>fieri</strong></span> <span class='ocrx_word' id='word_1_411' title='bbox 884 3367 960 3425; x_wconf 90' lang='lat' dir='ltr'><strong>solet,</strong></span> <span class='ocrx_word' id='word_1_412' title='bbox 970 3380 984 3413; x_wconf 96' lang='lat' dir='ltr'><strong>e</strong></span> <span class='ocrx_word' id='word_1_413' title='bbox 996 3378 1075 3428; x_wconf 80' lang='lat' dir='ltr'><strong>marg.</strong></span> <span class='ocrx_word' id='word_1_414' title='bbox 1088 3366 1114 3412; x_wconf 89' lang='lat' dir='ltr'><strong>ln</strong></span> <span class='ocrx_word' id='word_1_415' title='bbox 1131 3370 1238 3412; x_wconf 74' lang='lat' dir='ltr'><strong>contex-</strong></span> 
     </span>
     <span class='ocr_line' id='line_1_38' title="bbox 140 3428 1237 3497; baseline -0.007 -12"><span class='ocrx_word' id='word_1_416' title='bbox 140 3443 200 3485; x_wconf 83' lang='lat' dir='ltr'><strong>tum</strong></span> <span class='ocrx_word' id='word_1_417' title='bbox 218 3432 332 3497; x_wconf 77' lang='lat' dir='ltr'><strong>irrepsit.</strong></span> <span class='ocrx_word' id='word_1_418' title='bbox 360 3431 452 3494; x_wconf 83' lang='lat' dir='ltr'><strong>Pergit</strong></span> <span class='ocrx_word' id='word_1_419' title='bbox 462 3430 495 3478; x_wconf 88' lang='grc'><strong>11.</strong></span> <span class='ocrx_word' id='word_1_420' title='bbox 508 3432 542 3480; x_wconf 89' lang='lat' dir='ltr'><strong>D.</strong></span> <span class='ocrx_word' id='word_1_421' title='bbox 574 3432 658 3494; x_wconf 79' lang='lat' dir='ltr'><strong>‘Legi</strong></span> <span class='ocrx_word' id='word_1_422' title='bbox 675 3432 753 3481; x_wconf 84' lang='lat' dir='ltr'><strong>etiem</strong></span> <span class='ocrx_word' id='word_1_423' title='bbox 773 3431 865 3494; x_wconf 84' lang='lat' dir='ltr'><strong>possit,</strong></span> <span class='ocrx_word' id='word_1_424' title='bbox 884 3430 949 3486; x_wconf 79' lang='lat' dir='ltr'><strong>Quin</strong></span> <span class='ocrx_word' id='word_1_425' title='bbox 967 3430 1064 3478; x_wconf 79' lang='lat' dir='ltr'><strong>cunibus</strong></span> <span class='ocrx_word' id='word_1_426' title='bbox 1077 3428 1181 3492; x_wconf 78' lang='lat' dir='ltr'><strong>rupidus,</strong></span> <span class='ocrx_word' id='word_1_427' title='bbox 1197 3431 1237 3490; x_wconf 75' lang='lat' dir='ltr'><strong>isc.</strong></span> 
     </span>
     <span class='ocr_line' id='line_1_39' title="bbox 140 3491 1238 3570; baseline -0.01 -19"><span class='ocrx_word' id='word_1_428' title='bbox 140 3501 204 3552; x_wconf 71' lang='lat' dir='ltr'><strong>Quo</strong></span> <span class='ocrx_word' id='word_1_429' title='bbox 215 3507 295 3563; x_wconf 76' lang='lat' dir='ltr'><strong>pecto</strong></span> <span class='ocrx_word' id='word_1_430' title='bbox 312 3497 383 3545; x_wconf 81' lang='lat' dir='ltr'><strong>nulla</strong></span> <span class='ocrx_word' id='word_1_431' title='bbox 400 3499 484 3545; x_wconf 80' lang='lat' dir='ltr'><strong>restet</strong></span> <span class='ocrx_word' id='word_1_432' title='bbox 498 3492 655 3544; x_wconf 73' lang='lat' dir='ltr'><strong>difficultas!</strong></span> <span class='ocrx_word' id='word_1_433' title='bbox 691 3497 784 3545; x_wconf 77' lang='lat' dir='ltr'><strong>Restat</strong></span> <span class='ocrx_word' id='word_1_434' title='bbox 801 3495 903 3570; x_wconf 83' lang='lat' dir='ltr'><strong>quidem</strong></span> <span class='ocrx_word' id='word_1_435' title='bbox 916 3491 1062 3543; x_wconf 81' lang='lat' dir='ltr'><strong>difficultas.</strong></span> <span class='ocrx_word' id='word_1_436' title='bbox 1102 3493 1238 3554; x_wconf 72' lang='lat' dir='ltr'><strong>ingeniose</strong></span> 
     </span>
     <span class='ocr_line' id='line_1_40' title="bbox 141 3556 1238 3627; baseline -0.009 -14"><span class='ocrx_word' id='word_1_437' title='bbox 141 3570 229 3614; x_wconf 69' lang='lat' dir='ltr'><strong>umen</strong></span> <span class='ocrx_word' id='word_1_438' title='bbox 246 3562 388 3627; x_wconf 81' lang='lat' dir='ltr'><strong>repositum</strong></span> <span class='ocrx_word' id='word_1_439' title='bbox 398 3574 456 3609; x_wconf 82' lang='lat' dir='ltr'><strong>esse</strong></span> <span class='ocrx_word' id='word_1_440' title='bbox 469 3559 543 3622; x_wconf 75' lang='lat' dir='ltr'><strong>Quin,</strong></span> <span class='ocrx_word' id='word_1_441' title='bbox 552 3574 611 3608; x_wconf 86' lang='lat' dir='ltr'><strong>mox</strong></span> <span class='ocrx_word' id='word_1_442' title='bbox 623 3559 732 3610; x_wconf 83' lang='lat' dir='ltr'><strong>videbis.</strong></span> <span class='ocrx_word' id='word_1_443' title='bbox 764 3559 854 3609; x_wconf 83' lang='lat' dir='ltr'><strong>Heius.</strong></span> <span class='ocrx_word' id='word_1_444' title='bbox 867 3573 934 3608; x_wconf 84' lang='lat' dir='ltr'><strong>corr.</strong></span> <span class='ocrx_word' id='word_1_445' title='bbox 948 3560 1038 3606; x_wconf 79' lang='lat' dir='ltr'><strong>intorto</strong></span> <span class='ocrx_word' id='word_1_446' title='bbox 1049 3557 1187 3618; x_wconf 61' lang='lat' dir='ltr'><strong>resorbuit,</strong></span> <span class='ocrx_word' id='word_1_447' title='bbox 1197 3556 1238 3604; x_wconf 81' lang='lat' dir='ltr'><strong>vel</strong></span> 
     </span>
     <span class='ocr_line' id='line_1_41' title="bbox 140 3621 1236 3688; baseline -0.009 -10"><span class='ocrx_word' id='word_1_448' title='bbox 140 3626 391 3688; x_wconf 73' lang='lat' dir='ltr'><strong>inlsrfrelssemeret</strong></span> <span class='ocrx_word' id='word_1_449' title='bbox 398 3641 408 3683; x_wconf 93' lang='lat'><strong>,·</strong></span> <span class='ocrx_word' id='word_1_450' title='bbox 424 3624 540 3672; x_wconf 80' lang='lat' dir='ltr'><strong>Broulsb.</strong></span> <span class='ocrx_word' id='word_1_451' title='bbox 552 3625 576 3672; x_wconf 92' lang='lat' dir='ltr'><strong>in</strong></span> <span class='ocrx_word' id='word_1_452' title='bbox 595 3624 679 3687; x_wconf 83' lang='lat' dir='ltr'><strong>Notis,</strong></span> <span class='ocrx_word' id='word_1_453' title='bbox 688 3623 942 3684; x_wconf 75' lang='lat' dir='ltr'><strong>interferaferteret,·</strong></span> <span class='ocrx_word' id='word_1_454' title='bbox 959 3621 1061 3671; x_wconf 74' lang='lat' dir='ltr'><strong>Waltet‘.</strong></span> <span class='ocrx_word' id='word_1_455' title='bbox 1074 3622 1106 3670; x_wconf 81' lang='lat' dir='ltr'><strong>nd</strong></span> <span class='ocrx_word' id='word_1_456' title='bbox 1122 3622 1198 3669; x_wconf 75' lang='lat' dir='ltr'><strong>Luce.</strong></span> <span class='ocrx_word' id='word_1_457' title='bbox 1209 3634 1236 3669; x_wconf 86' lang='lat' dir='ltr'><strong>v.</strong></span> 
     </span>
     <span class='ocr_line' id='line_1_42' title="bbox 139 3686 1238 3752; baseline -0.012 -9"><span class='ocrx_word' id='word_1_458' title='bbox 139 3695 199 3743; x_wconf 66' lang='lat' dir='ltr'><strong>m</strong></span> <span class='ocrx_word' id='word_1_459' title='bbox 235 3693 295 3741; x_wconf 76' lang='lat' dir='ltr'><strong>Cum</strong></span> <span class='ocrx_word' id='word_1_460' title='bbox 305 3690 399 3740; x_wconf 74' lang='lat' dir='ltr'><strong>mnibus</strong></span> <span class='ocrx_word' id='word_1_461' title='bbox 409 3687 499 3737; x_wconf 78' lang='lat' dir='ltr'><strong>rabidis</strong></span> <span class='ocrx_word' id='word_1_462' title='bbox 509 3687 635 3746; x_wconf 75' lang='lat' dir='ltr'><strong>intersero</strong></span> <span class='ocrx_word' id='word_1_463' title='bbox 644 3695 734 3752; x_wconf 80' lang='lat' dir='ltr'><strong>seperet</strong></span> <span class='ocrx_word' id='word_1_464' title='bbox 744 3691 827 3738; x_wconf 78' lang='lat' dir='ltr'><strong>sudus.</strong></span> <span class='ocrx_word' id='word_1_465' title='bbox 860 3687 909 3737; x_wconf 85' lang='lat' dir='ltr'><strong>Ed.</strong></span> <span class='ocrx_word' id='word_1_466' title='bbox 920 3701 959 3750; x_wconf 83' lang='lat' dir='ltr'><strong>pr.</strong></span> <span class='ocrx_word' id='word_1_467' title='bbox 972 3688 1032 3736; x_wconf 89' lang='lat' dir='ltr'><strong>min.</strong></span> <span class='ocrx_word' id='word_1_468' title='bbox 1045 3686 1158 3734; x_wconf 85' lang='lat' dir='ltr'><strong>omnium</strong></span> <span class='ocrx_word' id='word_1_469' title='bbox 1172 3698 1238 3746; x_wconf 82' lang='lat' dir='ltr'><strong>pue·</strong></span> 
     </span>
     <span class='ocr_line' id='line_1_43' title="bbox 140 3746 1238 3815; baseline -0.01 -9"><span class='ocrx_word' id='word_1_470' title='bbox 140 3756 312 3815; x_wconf 76' lang='lat' dir='ltr'><strong>molissimu,</strong></span> <span class='ocrx_word' id='word_1_471' title='bbox 323 3755 377 3804; x_wconf 81' lang='lat' dir='ltr'><strong>solu</strong></span> <span class='ocrx_word' id='word_1_472' title='bbox 398 3752 464 3801; x_wconf 74' lang='lat' dir='ltr'><strong>udde</strong></span> <span class='ocrx_word' id='word_1_473' title='bbox 476 3753 552 3801; x_wconf 79' lang='lat' dir='ltr'><strong>etiem</strong></span> <span class='ocrx_word' id='word_1_474' title='bbox 565 3753 679 3812; x_wconf 81' lang='lat' dir='ltr'><strong>Bartol.)</strong></span> <span class='ocrx_word' id='word_1_475' title='bbox 687 3753 809 3813; x_wconf 76' lang='lat' dir='ltr'><strong>servavit,</strong></span> <span class='ocrx_word' id='word_1_476' title='bbox 822 3754 881 3800; x_wconf 80' lang='lat' dir='ltr'><strong>Cum</strong></span> <span class='ocrx_word' id='word_1_477' title='bbox 891 3751 987 3800; x_wconf 72' lang='lat' dir='ltr'><strong>cunibus</strong></span> <span class='ocrx_word' id='word_1_478' title='bbox 996 3750 1091 3812; x_wconf 77' lang='lat' dir='ltr'><strong>rupidus</strong></span> <span class='ocrx_word' id='word_1_479' title='bbox 1102 3746 1238 3805; x_wconf 72' lang='lat' dir='ltr'><strong>interfecto</strong></span> 
     </span>
     <span class='ocr_line' id='line_1_44' title="bbox 140 3811 1239 3931; baseline -0.014 -59"><span class='ocrx_word' id='word_1_480' title='bbox 140 3825 248 3872; x_wconf 75' lang='lat' dir='ltr'><strong>emeret</strong></span> <span class='ocrx_word' id='word_1_481' title='bbox 259 3821 341 3868; x_wconf 72' lang='lat' dir='ltr'><strong>ndns.</strong></span> <span class='ocrx_word' id='word_1_482' title='bbox 369 3818 380 3882; x_wconf 90' lang='lat'>(</span> <span class='ocrx_word' id='word_1_483' title='bbox 404 3816 423 3867; x_wconf 85' lang='lat' dir='ltr'><strong>l&#39;.</strong></span> <span class='ocrx_word' id='word_1_484' title='bbox 436 3815 509 3879; x_wconf 83' lang='lat' dir='ltr'><strong>Virg.</strong></span> <span class='ocrx_word' id='word_1_485' title='bbox 522 3817 578 3865; x_wconf 83' lang='lat' dir='ltr'><strong>lEo.</strong></span> <span class='ocrx_word' id='word_1_486' title='bbox 588 3830 630 3866; x_wconf 88' lang='grc' dir='ltr'><strong>ιιι.</strong></span> <span class='ocrx_word' id='word_1_487' title='bbox 643 3816 815 3931; x_wconf 51' lang='lat' dir='ltr'><strong>tblgl&#39;ibulli</strong></span> <span class='ocrx_word' id='word_1_488' title='bbox 828 3818 899 3865; x_wconf 88' lang='lat' dir='ltr'><strong>locus</strong></span> <span class='ocrx_word' id='word_1_489' title='bbox 909 3817 947 3863; x_wconf 85' lang='lat' dir='ltr'><strong>itu</strong></span> <span class='ocrx_word' id='word_1_490' title='bbox 959 3815 1082 3877; x_wconf 86' lang='lat' dir='ltr'><strong>legendus</strong></span> <span class='ocrx_word' id='word_1_491' title='bbox 1095 3819 1146 3873; x_wconf 76' lang='lat' dir='ltr'><strong>eet,</strong></span> <span class='ocrx_word' id='word_1_492' title='bbox 1157 3811 1239 3886; x_wconf 76' lang='lat' dir='ltr'><strong>Illum,</strong></span> 
     </span>
     <span class='ocr_line' id='line_1_45' title="bbox 138 3876 1237 3946; baseline -0.012 -10"><span class='ocrx_word' id='word_1_493' title='bbox 138 3887 207 3936; x_wconf 75' lang='lat' dir='ltr'><strong>ister</strong></span> <span class='ocrx_word' id='word_1_494' title='bbox 212 3883 304 3946; x_wconf 79' lang='lat' dir='ltr'><strong>gessisti</strong></span> <span class='ocrx_word' id='word_1_495' title='bbox 313 3887 408 3932; x_wconf 75' lang='lat' dir='ltr'><strong>mim</strong></span> <span class='ocrx_word' id='word_1_496' title='bbox 418 3881 517 3946; x_wconf 73' lang='lat' dir='ltr'><strong>confinio</strong></span> <span class='ocrx_word' id='word_1_497' title='bbox 526 3882 683 3942; x_wconf 60' lang='lat' dir='ltr'><strong>monimum</strong></span> <span class='ocrx_word' id='word_1_498' title='bbox 714 3882 780 3945; x_wconf 77' lang='lat' dir='ltr'><strong>eylloe</strong></span> <span class='ocrx_word' id='word_1_499' title='bbox 790 3895 852 3928; x_wconf 77' lang='lat' dir='ltr'><strong>eoeoo</strong></span> <span class='ocrx_word' id='word_1_500' title='bbox 861 3879 991 3928; x_wconf 79' lang='lat' dir='ltr'><strong>conterruit</strong></span> <span class='ocrx_word' id='word_1_501' title='bbox 1001 3879 1102 3941; x_wconf 79' lang='lat' dir='ltr'><strong>impetus</strong></span> <span class='ocrx_word' id='word_1_502' title='bbox 1111 3891 1160 3936; x_wconf 78' lang='lat' dir='ltr'><strong>ore,</strong></span> <span class='ocrx_word' id='word_1_503' title='bbox 1172 3876 1237 3930; x_wconf 79' lang='lat' dir='ltr'><strong>Quen</strong></span> 
     </span>
     <span class='ocr_line' id='line_1_46' title="bbox 140 3940 1237 4012; baseline -0.01 -13"><span class='ocrx_word' id='word_1_504' title='bbox 140 3949 238 3999; x_wconf 57' lang='lat' dir='ltr'><strong>mbos</strong></span> <span class='ocrx_word' id='word_1_505' title='bbox 247 3949 343 4012; x_wconf 72' lang='lat' dir='ltr'><strong>rapidos</strong></span> <span class='ocrx_word' id='word_1_506' title='bbox 352 3946 484 4003; x_wconf 73' lang='lat' dir='ltr'><strong>interfecto</strong></span> <span class='ocrx_word' id='word_1_507' title='bbox 491 3951 594 3994; x_wconf 77' lang='lat' dir='ltr'><strong>currem</strong></span> <span class='ocrx_word' id='word_1_508' title='bbox 606 3947 686 3995; x_wconf 75' lang='lat' dir='ltr'><strong>endon</strong></span> <span class='ocrx_word' id='word_1_509' title='bbox 719 3945 802 3994; x_wconf 82' lang='lat' dir='ltr'><strong>Uudne</strong></span> <span class='ocrx_word' id='word_1_510' title='bbox 814 3945 878 3992; x_wconf 78' lang='lat' dir='ltr'><strong>iuter</strong></span> <span class='ocrx_word' id='word_1_511' title='bbox 880 3943 949 4002; x_wconf 78' lang='lat' dir='ltr'><strong>freto</strong></span> <span class='ocrx_word' id='word_1_512' title='bbox 963 3950 1024 3991; x_wconf 84' lang='lat' dir='ltr'><strong>suut</strong></span> <span class='ocrx_word' id='word_1_513' title='bbox 1034 3941 1110 3989; x_wconf 79' lang='lat' dir='ltr'><strong>undie</strong></span> <span class='ocrx_word' id='word_1_514' title='bbox 1122 3940 1237 4000; x_wconf 72' lang='lat' dir='ltr'><strong>insueto,</strong></span> 
     </span>
     <span class='ocr_line' id='line_1_47' title="bbox 141 4004 1235 4076; baseline -0.013 -11"><span class='ocrx_word' id='word_1_515' title='bbox 141 4014 185 4065; x_wconf 79' lang='lat' dir='ltr'><strong>vel</strong></span> <span class='ocrx_word' id='word_1_516' title='bbox 194 4015 266 4064; x_wconf 82' lang='lat' dir='ltr'><strong>iuter</strong></span> <span class='ocrx_word' id='word_1_517' title='bbox 275 4011 408 4076; x_wconf 69' lang='lat' dir='ltr'><strong>angustias</strong></span> <span class='ocrx_word' id='word_1_518' title='bbox 418 4009 489 4059; x_wconf 79' lang='lat' dir='ltr'><strong>teeti.</strong></span> <span class='ocrx_word' id='word_1_519' title='bbox 523 4008 564 4058; x_wconf 87' lang='lat' dir='ltr'><strong>cf.</strong></span> <span class='ocrx_word' id='word_1_520' title='bbox 577 4012 653 4060; x_wconf 76' lang='lat' dir='ltr'><strong>Luce.</strong></span> <span class='ocrx_word' id='word_1_521' title='bbox 664 4024 684 4058; x_wconf 89' lang='lat'><strong>1.</strong></span> <span class='ocrx_word' id='word_1_522' title='bbox 696 4014 752 4058; x_wconf 76' lang='lat'><strong>⁷21.</strong></span> <span class='ocrx_word' id='word_1_523' title='bbox 769 4009 834 4057; x_wconf 86' lang='lat' dir='ltr'><strong>Hor.</strong></span> <span class='ocrx_word' id='word_1_524' title='bbox 844 4021 876 4056; x_wconf 86' lang='grc' dir='ltr'><strong>ιι.</strong></span> <span class='ocrx_word' id='word_1_525' title='bbox 894 4005 945 4055; x_wconf 85' lang='lat' dir='ltr'><strong>Od.</strong></span> <span class='ocrx_word' id='word_1_526' title='bbox 956 4010 979 4053; x_wconf 90' lang='grc'><strong>7.</strong></span> <span class='ocrx_word' id='word_1_527' title='bbox 990 4011 1029 4055; x_wconf 83' lang='lat' dir='ltr'><strong>lu.</strong></span> <span class='ocrx_word' id='word_1_528' title='bbox 1040 4013 1068 4054; x_wconf 90' lang='lat' dir='ltr'><strong>et</strong></span> <span class='ocrx_word' id='word_1_529' title='bbox 1078 4004 1169 4053; x_wconf 81' lang='lat' dir='ltr'><strong>Tibull.</strong></span> <span class='ocrx_word' id='word_1_530' title='bbox 1180 4018 1199 4052; x_wconf 79' lang='grc' dir='ltr'><strong>ι.</strong></span> <span class='ocrx_word' id='word_1_531' title='bbox 1211 4008 1235 4050; x_wconf 84' lang='grc'><strong>3.</strong></span> 
     </span>
     <span class='ocr_line' id='line_1_48' title="bbox 140 4065 1236 4142; baseline -0.014 -13"><span class='ocrx_word' id='word_1_532' title='bbox 140 4081 184 4130; x_wconf 78' lang='grc'><strong>13.</strong></span> <span class='ocrx_word' id='word_1_533' title='bbox 200 4077 245 4128; x_wconf 86' lang='lat' dir='ltr'><strong>ubl</strong></span> <span class='ocrx_word' id='word_1_534' title='bbox 264 4077 326 4128; x_wconf 83' lang='lat' dir='ltr'><strong>item</strong></span> <span class='ocrx_word' id='word_1_535' title='bbox 357 4090 386 4124; x_wconf 85' lang='lat' dir='ltr'><strong>ro</strong></span> <span class='ocrx_word' id='word_1_536' title='bbox 399 4074 464 4130; x_wconf 79' lang='lat' dir='ltr'><strong>Quis</strong></span> <span class='ocrx_word' id='word_1_537' title='bbox 482 4073 578 4138; x_wconf 76' lang='lat' dir='ltr'><strong>legitut</strong></span> <span class='ocrx_word' id='word_1_538' title='bbox 589 4075 614 4122; x_wconf 90' lang='lat' dir='ltr'><strong>in</strong></span> <span class='ocrx_word' id='word_1_539' title='bbox 634 4074 761 4122; x_wconf 86' lang='lat' dir='ltr'><strong>nonnullis</strong></span> <span class='ocrx_word' id='word_1_540' title='bbox 781 4072 853 4121; x_wconf 84' lang='lat' dir='ltr'><strong>libris</strong></span> <span class='ocrx_word' id='word_1_541' title='bbox 869 4069 988 4136; x_wconf 83' lang='lat' dir='ltr'><strong>mendose</strong></span> <span class='ocrx_word' id='word_1_542' title='bbox 1004 4070 1063 4117; x_wconf 79' lang='lat' dir='ltr'><strong>Cum</strong></span> <span class='ocrx_word' id='word_1_543' title='bbox 1080 4067 1120 4116; x_wconf 84' lang='lat' dir='ltr'><strong>vel</strong></span> <span class='ocrx_word' id='word_1_544' title='bbox 1139 4065 1236 4142; x_wconf 60' lang='lat' dir='ltr'><strong>Quen?</strong></span> 
     </span>
     <span class='ocr_line' id='line_1_49' title="bbox 139 4091 1256 4204; baseline -0.013 -12"><span class='ocrx_word' id='word_1_545' title='bbox 139 4141 327 4194; x_wconf 62' lang='lat' dir='ltr'><strong>nabith—lb</strong></span> <span class='ocrx_word' id='word_1_546' title='bbox 339 4091 404 4204; x_wconf 61' lang='lat' dir='ltr'><strong>ileg.</strong></span> <span class='ocrx_word' id='word_1_547' title='bbox 414 4139 488 4188; x_wconf 84' lang='lat' dir='ltr'><strong>Witt.</strong></span> <span class='ocrx_word' id='word_1_548' title='bbox 501 4143 523 4189; x_wconf 91' lang='lat' dir='ltr'><strong>l.</strong></span> <span class='ocrx_word' id='word_1_549' title='bbox 535 4142 560 4186; x_wconf 73' lang='grc'><strong>1.</strong></span> <span class='ocrx_word' id='word_1_550' title='bbox 578 4138 692 4187; x_wconf 78' lang='lat' dir='ltr'><strong>Broulsh.</strong></span> <span class='ocrx_word' id='word_1_551' title='bbox 704 4142 728 4188; x_wconf 76' lang='grc'><strong>1.</strong></span> <span class='ocrx_word' id='word_1_552' title='bbox 736 4141 760 4188; x_wconf 84' lang='grc'><strong>3.</strong></span> <span class='ocrx_word' id='word_1_553' title='bbox 779 4151 844 4186; x_wconf 75' lang='lat' dir='ltr'><strong>uuus</strong></span> <span class='ocrx_word' id='word_1_554' title='bbox 854 4135 937 4185; x_wconf 78' lang='lat' dir='ltr'><strong>Pelet</strong></span> <span class='ocrx_word' id='word_1_555' title='bbox 950 4132 1028 4182; x_wconf 83' lang='lat' dir='ltr'><strong>Lsud.</strong></span> <span class='ocrx_word' id='word_1_556' title='bbox 1040 4130 1236 4181; x_wconf 78' lang='lat' dir='ltr'><strong>Vet.t{e1m.1.</strong></span> <span class='ocrx_word' id='word_1_557' title='bbox 1253 4164 1256 4169; x_wconf 83' lang='lat'>-</span> 
     </span>
    </p>
   </div>
   <div class='ocr_carea' id='block_1_6' title="bbox 637 4274 744 4333">
    <p class='ocr_par' dir='ltr' id='par_1_6' title="bbox 637 4274 744 4333">
     <span class='ocr_line' id='line_1_50' title="bbox 637 4274 744 4333; baseline -0.009 -1"><span class='ocrx_word' id='word_1_558' title='bbox 637 4274 744 4333; x_wconf 76' lang='lat' dir='ltr'><strong>NO&#39;ilE</strong></span> 
     </span>
    </p>
   </div>
   <div class='ocr_carea' id='block_1_7' title="bbox 139 4385 1236 4702">
    <p class='ocr_par' dir='ltr' id='par_1_7' title="bbox 139 4385 1236 4544">
     <span class='ocr_line' id='line_1_51' title="bbox 139 4385 1236 4466; baseline -0.018 -10"><span class='ocrx_word' id='word_1_559' title='bbox 139 4396 670 4466; x_wconf 68' lang='lat' dir='ltr'><strong>isdersrybdiuiutesqusseneeigsvit</strong></span> <span class='ocrx_word' id='word_1_560' title='bbox 709 4394 952 4459; x_wconf 80' lang='lat' dir='ltr'><strong>periculosissimum</strong></span> <span class='ocrx_word' id='word_1_561' title='bbox 974 4390 1000 4439; x_wconf 88' lang='lat' dir='ltr'><strong>in</strong></span> <span class='ocrx_word' id='word_1_562' title='bbox 1023 4387 1092 4437; x_wconf 81' lang='lat' dir='ltr'><strong>freto</strong></span> <span class='ocrx_word' id='word_1_563' title='bbox 1119 4385 1236 4436; x_wconf 77' lang='lat' dir='ltr'><strong>Siciliam</strong></span> 
     </span>
     <span class='ocr_line' id='line_1_52' title="bbox 140 4468 939 4544; baseline -0.019 -14"><span class='ocrx_word' id='word_1_564' title='bbox 140 4479 250 4544; x_wconf 69' lang='lat' dir='ltr'><strong>uuam</strong></span> <span class='ocrx_word' id='word_1_565' title='bbox 262 4484 334 4528; x_wconf 78' lang='lat' dir='ltr'><strong>tutus</strong></span> <span class='ocrx_word' id='word_1_566' title='bbox 344 4483 373 4526; x_wconf 88' lang='lat' dir='ltr'><strong>et</strong></span> <span class='ocrx_word' id='word_1_567' title='bbox 384 4474 525 4526; x_wconf 87' lang='lat' dir='ltr'><strong>incolumis.</strong></span> <span class='ocrx_word' id='word_1_568' title='bbox 708 4468 939 4520; x_wconf 83' lang='lat' dir='ltr'><strong>intesetltulium.</strong></span> 
     </span>
    </p>

    <p class='ocr_par' dir='ltr' id='par_1_8' title="bbox 139 4537 1236 4702">
     <span class='ocr_line' id='line_1_53' title="bbox 171 4537 1234 4620; baseline -0.019 -12"><span class='ocrx_word' id='word_1_569' title='bbox 171 4562 205 4608; x_wconf 89' lang='grc'><strong>71</strong></span> <span class='ocrx_word' id='word_1_570' title='bbox 222 4554 322 4620; x_wconf 66' lang='grc' dir='ltr'><strong>3η11ι]</strong></span> <span class='ocrx_word' id='word_1_571' title='bbox 346 4554 388 4603; x_wconf 88' lang='lat' dir='ltr'><strong>De</strong></span> <span class='ocrx_word' id='word_1_572' title='bbox 410 4552 498 4614; x_wconf 77' lang='lat' dir='ltr'><strong>Scylla</strong></span> <span class='ocrx_word' id='word_1_573' title='bbox 514 4552 569 4614; x_wconf 82' lang='lat' dir='ltr'><strong>jem</strong></span> <span class='ocrx_word' id='word_1_574' title='bbox 591 4564 669 4615; x_wconf 74' lang='lat' dir='ltr'><strong>supra</strong></span> <span class='ocrx_word' id='word_1_575' title='bbox 740 4550 772 4595; x_wconf 85' lang='grc'><strong>73</strong></span> <span class='ocrx_word' id='word_1_576' title='bbox 790 4541 932 4609; x_wconf 65' lang='lat' dir='ltr'><strong>cumpton]</strong></span> <span class='ocrx_word' id='word_1_577' title='bbox 949 4537 1234 4598; x_wconf 72' lang='lat' dir='ltr'><strong>AlterumSiciliumiu·</strong></span> 
     </span>
     <span class='ocr_line' id='line_1_54' title="bbox 139 4614 1236 4702; baseline -0.02 -14"><span class='ocrx_word' id='word_1_578' title='bbox 139 4633 267 4702; x_wconf 77' lang='lat' dir='ltr'><strong>pluribus.</strong></span> <span class='ocrx_word' id='word_1_579' title='bbox 309 4631 406 4684; x_wconf 75' lang='lat' dir='ltr'><strong>buum</strong></span> <span class='ocrx_word' id='word_1_580' title='bbox 427 4635 469 4679; x_wconf 84' lang='lat' dir='ltr'><strong>est</strong></span> <span class='ocrx_word' id='word_1_581' title='bbox 487 4626 669 4692; x_wconf 70' lang='lat' dir='ltr'><strong>mulgentibus</strong></span> <span class='ocrx_word' id='word_1_582' title='bbox 709 4628 751 4676; x_wconf 85' lang='lat' dir='ltr'><strong>ter</strong></span> <span class='ocrx_word' id='word_1_583' title='bbox 760 4627 789 4675; x_wconf 81' lang='lat' dir='ltr'><strong>et</strong></span> <span class='ocrx_word' id='word_1_584' title='bbox 800 4619 902 4674; x_wconf 82' lang='lat' dir='ltr'><strong>ltelissi</strong></span> <span class='ocrx_word' id='word_1_585' title='bbox 912 4615 1070 4683; x_wconf 80' lang='lat' dir='ltr'><strong>Cbsrybdim</strong></span> <span class='ocrx_word' id='word_1_586' title='bbox 1078 4614 1160 4669; x_wconf 76' lang='lat' dir='ltr'><strong>tome</strong></span> <span class='ocrx_word' id='word_1_587' title='bbox 1168 4614 1236 4681; x_wconf 80' lang='lat' dir='ltr'><strong>pssi-</strong></span> 
     </span>
    </p>
   </div>
   <div class='ocr_carea' id='block_1_8' title="bbox 0 0 1384 5130">
    <p class='ocr_par' dir='ltr' id='par_1_9' title="bbox 0 0 1384 5130">
     <span class='ocr_line' id='line_1_55' title="bbox 0 0 1384 5130; baseline 0 4"><span class='ocrx_word' id='word_1_588' title='bbox 0 0 1384 5130; x_wconf 95' lang='lat' dir='ltr'><strong> </strong></span> 
     </span>
    </p>
   </div>
  </div>
 </body>
</html>
