2760 5130
1064 449 1068 456 x

442 731 674 782 rrsrruours
700 733 745 781 ur
767 734 932 782 ruurcrr.
1188 723 1232 785 39

181 947 185 952 ⁸
241 872 383 937 Isaacus
399 871 619 939 Casaubouus
634 875 781 939 Lection.
796 848 966 940 Theocrit.
982 896 1056 959 cap.
1072 879 1127 944 17.

183 1020 367 1086 &ulerunt
377 1029 488 1086 eutem
502 1023 647 1088 studiosi
661 997 876 1087 poeticarum
892 1026 1122 1092 amoenitatum
1137 1027 1229 1113 Idyi-

142 1123 224 1187 lium
252 1123 317 1187 lroc
343 1142 421 1187 cum
448 1123 565 1187 Poitae
595 1123 772 1188 cultissimi
800 1121 928 1187 Tibulli
955 1123 1070 1208 Elegia
1099 1137 1228 1210 quarta,

142 1224 244 1287 Libro
265 1224 381 1308 primo.
426 1222 461 1287 N
462 1242 517 1288 am
533 1224 593 1288 illa
607 1222 759 1288 videntur
774 1223 819 1288 ad
832 1223 1003 1290 Theocriti
1017 1228 1230 1295 imitationem

144 1324 365 1490 mitiis-umine
379 1444 546 1508 purpurea
560 1431 612 1489 est
628 1424 706 1491 Nisi
720 1445 836 1491 come:
860 1431 1005 1494 carmina
1018 1430 1053 1494 ni
1068 1432 1144 1507 sint,

244 1525 297 1589 Ex
310 1526 447 1590 humero
463 1526 602 1610 Pelopis
614 1546 679 1592 non
692 1529 846 1593 nituisset
858 1529 960 1593 ebur!

177 1706 375 1773 anoiscus
391 1708 528 1776 Medius
542 1711 635 1795 Sylv.
651 1712 761 1778 Germ.
777 1715 829 1778 15.
844 1733 890 1779 cx
904 1732 1046 1798 persona
1059 1714 1186 1779 Tibulli

272 1857 319 1922 Ut
333 1858 458 1924 (lidnus
471 1860 583 1925 nullas
598 1861 728 1938 sordes,
742 1861 960 1935 nitidissimus
974 1863 1081 1926 amnis

312 1959 439 2038 Voluit,
455 1966 488 2025 et
502 1962 616 2036 elimo
630 1980 733 2047 purus
747 1962 870 2044 ubique
884 1960 975 2027 fluit:

271 2059 329 2133 sic
344 2079 429 2138 mee,
446 2059 619 2126 Romanas
632 2063 719 2126 inter
733 2063 922 2127 castissima
937 2061 1068 2139 Musas,

271 2223 274 2228 .
314 2159 470 2245 Undique
484 2162 599 2226 nativo
613 2162 704 2226 culta
718 2162 838 2239 decore
852 2163 940 2228 nitet.
1054 2235 1057 2237 Α

271 2257 357 2344 Ergo
371 2260 449 2327 aliae
458 2250 615 2346 placeant
629 2269 746 2327 ornatu
760 2266 849 2327 trans
863 2281 953 2327 mare
966 2269 1095 2343 sumto:

315 2362 444 2427 Nostra
458 2382 519 2426 suo
533 2370 566 2427 et
580 2364 689 2446 patrio
706 2365 736 2428 si
750 2364 860 2446 placet
874 2382 952 2439 uua,
967 2371 1020 2429 sat
1034 2373 1095 2428 est.

256 2551 406 2617 Andreas
420 2525 578 2619 Schottus
595 2552 722 2618 Nodor.
739 2502 887 2620 ciceron.
904 2555 977 2619 Lib.
994 2573 1018 2618 r.
1034 2576 1063 2618 c.
1080 2557 1112 2620 7.

183 2707 337 2773 Tibullus
353 2717 465 2774 autern
482 2710 618 2792 elegans
633 2711 744 2776 Latini
760 2712 922 2777 sermonis
940 2710 1058 2776 Poeta.

503 2891 599 2957 Idem
613 2894 735 2959 ibidem
749 2915 823 2977 cap.
835 2893 866 2956 8.

183 3041 247 3107 Est
259 3060 360 3126 purus
373 3048 406 3105 et
419 3041 565 3125 elegans,
588 3045 759 3126 bonusque
777 3041 972 3129 Latinitatis
986 3048 1102 3106 auctor
1115 3041 1231 3106 Tibul-

140 3142 206 3220 lus,
223 3140 335 3224 liqnes
350 3147 387 3205 et
400 3141 674 3225 ipseRomanus,
695 3161 763 3226 qua
778 3148 985 3225 tempestate,
999 3149 1038 3205 ut
1052 3140 1230 3223 hodieque,

141 3243 303 3309 nobilium
323 3261 422 3325 quam
436 3242 636 3325 plebeiorum
651 3244 773 3308 cultior
788 3262 828 3307 ac
842 3241 980 3325 politior
995 3261 1102 3307 sermo
1116 3242 1188 3307 fuit.

305 3423 402 3488 Idem
418 3424 593 3491 Observat.
609 3426 756 3492 Human.
773 3426 848 3491 Lib.
866 3389 997 3508 rrscap.
1013 3426 1066 3491 le.

183 3535 298 3677 Scitne
311 3588 346 3646 et
358 3581 492 3664 elegans
507 3587 575 3646 tum
585 3582 621 3646 in
629 3582 751 3658 verbis,
767 3590 836 3646 turn
850 3583 886 3645 in
899 3582 1043 3646 numeris
1058 3579 1227 3646 Tibullus:

141 3680 199 3745 sed
213 3682 272 3763 qui
285 3699 304 3743 e
318 3679 449 3745 Graecis
464 3681 610 3745 fontibus
626 3683 784 3766 pleraque
798 3683 1012 3766 expresserit.

355 3861 450 3927 Idem
464 3863 609 3929 Tullian.
633 3866 763 3945 Quoest
787 3866 861 3930 Lib.
878 3881 902 3928 1.
918 3884 946 3928 c.
962 3865 1015 3929 14.

183 3977 301 4045 Media
314 3984 409 4057 atus,
425 3980 518 4063 quod
541 4001 675 4046 aureum
702 3983 830 4051 Latinae
851 3982 974 4063 linguae
994 3979 1158 4044 saeculum
1171 3998 1232 4062 ap·

140 4079 241 4162 pello,
272 4080 385 4144 brevis
422 4080 612 4160 admodum,
641 4090 680 4148 ut
708 4103 762 4147 res
792 4083 960 4163 hominum
989 4088 1078 4158 sunt,
1107 4081 1232 4145 extibt'·

139 4183 328 4266 Scriptores
343 4189 456 4261 tamen
468 4182 627 4266 plurimos
641 4185 774 4268 reperit,
797 4185 855 4269 qui
869 4183 913 4248 ob
928 4180 1057 4246 dieendi
1071 4181 1232 4263 eleganti·
1277 4214 1280 4220 ·
1318 4223 1326 4241 .

137 4301 191 4346 arn
207 4285 339 4347 oetamm
360 4280 456 4358 ferre,
471 4282 515 4347 ad
529 4290 749 4368 posterosque
764 4286 940 4351 transmitti
954 4290 1142 4366 potnerunt.
1188 4281 1230 4346 In

137 4384 201 4447 hac
215 4401 302 4445 unns
313 4381 363 4446 M.
377 4381 509 4462 Tullius
524 4384 644 4460 Cicero
655 4386 813 4451 familiam
822 4387 871 4450 sic
885 4385 993 4460 duxit,
1003 4392 1041 4467 ut
1053 4401 1119 4447 uon
1130 4381 1231 4445 modo

138 4483 305 4566 princepe,
321 4503 435 4549 verum
455 4485 558 4550 etiam
581 4491 674 4552 ‘vox
695 4479 774 4570 ipsa
786 4485 993 4570 eloquentie,
1014 4483 1230 4565 ooelestisque
1280 4559 1284 4564 V
