2760 5130
483 717 586 766 ,ιιιιι
611 717 776 768 risuum.
1106 711 1172 775 607

77 856 134 916 ciae
146 867 174 916 et
184 857 316 918 aliorum.
340 858 431 917 Novis
447 859 521 918 eurls
533 859 687 938 castigavit
701 859 809 920 Christ.
821 859 918 921 Gottl.
928 861 1042 942 Heyoe.
1052 862 1169 943 Lipsiae,

78 963 109 1012 a.
132 951 231 1013 Editio
244 954 332 1013 altera
346 955 524 1015 emendatior
538 965 568 1015 et
592 954 716 1017 auctior.
758 956 864 1016 Noluit
889 957 935 1016 cl.
959 959 1056 1019 editor
1077 960 1171 1022 scalt-

76 1067 149 1126 gero
159 1056 190 1108 et
203 1047 387 1107 Broulrlrusio
402 1049 551 1121 iulraerere,
577 1049 627 1110 sed
648 1051 757 1129 passim
780 1051 895 1112 reduxit
915 1053 1068 1115 lectionem
1090 1066 1172 1116 aute·

77 1142 195 1215 riorem,
211 1142 353 1221 inprimis
368 1152 497 1203 veterum
512 1144 673 1205 editionum
688 1146 781 1205 classe
796 1145 888 1206 altera
901 1167 937 1206 ex
960 1149 1074 1211 Veneta
1095 1152 1174 1229 prin·

78 1239 146 1319 cipe
159 1240 328 1311 ductarum,
342 1238 480 1318 Regiensi
490 1248 521 1300 et
534 1240 687 1300 Vioentiua
707 1240 841 1312 manime,
863 1260 928 1301 eam
952 1240 1096 1315 firmante,
1120 1257 1173 1306 aut

69 1334 240 1396 'codicibus
273 1335 530 1413 adstipulantibus.
574 1335 730 1395 Historiam
756 1335 895 1414 praemisit
916 1335 1060 1399 Codicum
1082 1348 1172 1419 atque

71 1428 239 1492 'editionum
254 1430 396 1502 oritieam,
411 1431 558 1510 vitamque
571 1431 693 1492 Tibulli.
735 1433 768 1491 ln
782 1431 1093 1509 animadversionibus,
1108 1448 1172 1497 tea-

79 1524 122 1585 lui
138 1524 290 1603 subjectis,
314 1525 481 1585 thesaurum
507 1526 681 1587 Brouklrusii
695 1527 876 1605 aliorumque
898 1537 1083 1591 contractum
1103 1533 1171 1591 red-

79 1618 167 1692 didit,
190 1621 248 1681 suis
271 1621 364 1700 ipsius
388 1622 495 1699 opibus
517 1634 648 1695 auctum,
677 1643 713 1683 ao
735 1623 891 1703 eleganter,
914 1624 997 1703 plene
1020 1636 1050 1685 et
1073 1637 1172 1687 tamen

80 1715 231 1795 frugaliter
244 1717 373 1795 explicat
387 1717 476 1777 verba
488 1727 519 1777 et
533 1718 700 1789 sententias,
715 1728 865 1798 artemque
876 1726 982 1798 poetae.
1026 1722 1060 1779 ln
1074 1723 1174 1782 obser·

81 1811 246 1873 rationibus
260 1813 418 1892 separatim
433 1811 560 1891 scriptis,
583 1813 621 1873 de
635 1813 761 1872 lectione
774 1814 898 1892 ejusque
914 1817 1055 1876 varietate
1069 1825 1100 1877 et
1122 1839 1170 1877 ve·

79 1907 165 1968 ritate
179 1907 361 1986 potissimum
376 1907 518 1985 disputat.
559 1907 658 1968 Multo
671 1908 796 1980 auctior,
812 1908 917 1969 cultior
937 1918 968 1968 et
992 1910 1172 1972 emendatior

80 2012 125 2090 est
137 2004 279 2083 posterior
293 2005 358 2065 haeo
371 2003 474 2064 editio.

451 2148 831 2170 W

125 2229 326 2324 Russusua
357 2232 537 2297 editionum
573 2252 653 2297 seeo.
677 2248 741 2296 xv.
773 2232 970 2315 Bipontiuus
992 2238 1082 2295 raote
1107 2232 1175 2298 sora

80 2332 262 2414 prooessit3
291 2331 351 2395 sed
374 2331 577 2396 editionibus
591 2332 691 2416 hujus
706 2333 837 2396 soeouli‘
847 2331 1002 2396 addenda
1025 2336 1077 2396 est
1098 2353 1175 2412 nna,

81 2432 154 2495 sine
188 2432 265 2497 loco
293 2438 326 2496 et
359 2439 521 2515 tempore,
557 2453 636 2515 quoe
665 2450 826 2515 expressa
855 2451 932 2495 esse
961 2432 1176 2498 existimatur

81 2551 145 2615 per
169 2531 372 2597 Florentium
395 2532 437 2596 de
463 2531 656 2614 Argentina,
677 2533 750 2616 pari
772 2532 1016 2616 pulchritudino
1030 2552 1072 2597 ao
1096 2536 1176 2599 rari·

81 2641 162 2700 tate.
207 2633 321 2718 Hujus
343 2634 418 2697 libri
432 2634 570 2716 pretiosi
591 2635 765 2716 exemplar
784 2638 889 2710 extat,
912 2639 951 2698 ut
972 2641 1086 2697 mouet
1114 2633 1177 2698 Vir

81 2752 151 2799 rav.
165 2733 206 2797 T.
221 2733 261 2797 F.
277 2733 417 2811 Dibdin,
433 2734 467 2798 in
484 2734 644 2799 Biblioth.
661 2734 896 2818 Spenceriana,
909 2733 976 2797 vol.
994 2751 1031 2797 ιι.
1049 2754 1085 2817 p.
1100 2735 1175 2798 444.

83 2835 168 2900 Sunt
183 2836 240 2918 qoi
255 2839 372 2918 putant
385 2835 472 2899 hano
487 2833 664 2900 Editionem
678 2856 753 2900 esse
771 2832 959 2918 Principem.
988 2834 1033 2899 Et
1043 2835 1177 2919 quinem
1276 2878 1279 2884 ,

83 2936 159 3002 duas
181 2941 334 3001 notantur
355 2936 529 3014 editiones,
551 2938 622 3000 sine
640 2935 708 3000 ulla
730 2941 808 3000 nota
830 2936 1085 3020 typographica,
1106 2938 1176 3001 lto.

81 3039 163 3101 min.
177 3036 387 3120 perPanuer,
403 3036 474 3101 Art.
489 3037 634 3121 Typogr.
660 3053 709 3100 ιν.
730 3057 764 3120 p.
787 3037 820 3102 6.
843 3056 873 3098 n.
896 3036 950 3100 22.
974 3043 1009 3100 et
1024 3051 1074 3098 ιν.
1096 3056 1129 3118 p.
1144 3037 1177 3100 7.

80 3158 115 3204 ιι.
129 3137 182 3201 31.
227 3136 358 3215 Addua,
373 3136 463 3202 Albii
477 3137 603 3202 Tibulli
622 3135 714 3220 Eleg.
746 3137 838 3200 Libri
853 3154 892 3200 ιι.
926 3137 967 3201 L.
983 3137 1103 3201 Annaei
1118 3135 1176 3200 Se·

80 3257 173 3303 ueoae
198 3238 295 3320 Bigae
315 3237 576 3321 'l'ragoediarum
620 3237 712 3303 Oura
733 3237 831 3303 Conr.
856 3237 973 3316 Celtis,
997 3238 1066 3304 ‹lto-
1088 3238 1179 3327 circa
1213 3217 1220 3236 ⁸

80 3339 181 3404 linem
205 3358 285 3404 saec.
301 3355 354 3403 xv
381 3339 518 3404 Harles.
543 3339 683 3404 Brevior
697 3338 805 3404 Notit.
827 3339 893 3404 Lit.
908 3337 1007 3403 Rom.
1164 3411 1166 3415 Α

126 3441 236 3508 Penes
250 3460 313 3505 nos
328 3446 380 3505 est
393 3439 498 3506 editio
521 3440 648 3505 Tibulli
669 3441 837 3524 impressa
850 3438 1003 3505 Venetiis
1025 3458 1086 3522 per
1103 3437 1178 3504 Ma·

83 3544 219 3625 gistrum
235 3542 404 3607 Andream
428 3542 469 3607 de
484 3542 698 3608 Patasciohis
719 3540 947 3621 Catanensem,
961 3540 1061 3618 1487,
1086 3559 1108 3604 a
1121 3539 1178 3604 Bi·

82 3645 230 3727 pontinis
243 3651 436 3709 memorata.
481 3643 606 3709 Catulli
620 3645 722 3708 etiam
737 3644 810 3707 eine
824 3661 923 3720 anno,
943 3643 1032 3720 loco,
1054 3649 1115 3706 aut
1129 3647 1181 3724 ty·

82 3745 266 3830 pographo,
287 3745 359 3823 sed,
377 3752 416 3810 ut
436 3745 578 3828 videtur,
598 3745 641 3810 alt
663 3744 781 3810 eodem
796 3742 1019 3828 typographo,
1040 3750 1074 3809 et
1088 3742 1180 3825 ejus-

81 3840 160 3911 dem
173 3847 260 3927 loci;
282 3854 317 3910 ot
330 3847 430 3910 etiam
441 3845 613 3930 Propertii
624 3844 794 3910 abeodem
816 3843 1035 3928 typographo,
1058 3840 1179 3906 Venot.
1308 3897 1313 3903 .

83 3946 181 4013 1488.
212 3947 254 4012 ln
275 3946 393 4012 eodem
418 3947 587 4011 volumine
610 3945 664 4011 has
687 3952 764 4008 sunt
786 3943 953 4007 editiones
983 3945 1179 4023 compactae.

83 4050 342 4115 Hasonotamus
357 4049 503 4132 eoquod
525 4048 691 4112 editiones
710 4051 788 4110 sunt
801 4064 896 4121 rarae,
912 4042 1003 4128 quod
1026 4039 1182 4125 quaedam

83 4151 126 4217 de
141 4149 184 4216 iis
206 4152 350 4235 quaestio
363 4150 493 4215 videtur
512 4155 595 4227 orta,
615 4155 649 4213 et
663 4146 765 4233 quod,
780 4154 818 4211 ut
830 4164 893 4209 nos
907 4145 1091 4226 opinamur,
1110 4158 1181 4204 rom

82 4260 172 4319 recte
186 4254 305 4318 statuit
317 4252 424 4318 editor
439 4251 650 4332 Bipontinua.
676 4247 864 4329 Praefigitur
876 4242 1013 4309 Tibullo
1027 4240 1182 4324 Epistola

83 4355 167 4418 satis
177 4354 293 4418 vivida
308 4358 343 4417 et
357 4351 504 4435 politica,
523 4348 717 4415 Bernardini
738 4346 951 4418 Veronensis,
968 4363 1057 4428 qum,
1079 4349 1118 4405 ut
1132 4340 1181 4403 vi·

82 4455 192 4529 detur,
215 4452 259 4517 ud
286 4452 445 4517 editiones
463 4449 589 4514 Catulli
612 4456 646 4515 et
659 4449 821 4532 Propertii
835 4466 917 4511 mox
932 4445 1080 4512 edendas
1095 4442 1181 4507 allu-

85 4554 145 4620 dit.
179 4555 237 4619 Sio
252 4555 399 4638 loquitur
413 4551 566 4617 nimirum
579 4549 680 4616 editio
694 4548 838 4614 Tibulli:
