2760 5130
199 737 244 803 20
379 730 389 759 “·
607 748 698 800 vrrs
720 752 886 803 renuunt.

200 899 239 963 G.
253 895 375 964 Vibius
387 894 501 959 Pansa
510 892 606 958 Coss.
617 895 735 977 praelio
745 893 928 960 Mutinensi
937 897 1096 964 adversus
1104 898 1290 968 Antonium

199 1021 260 1084 pro
274 1001 381 1085 patria
391 999 628 1073 occubuerunt,
638 995 776 1060 Tibullo
786 997 884 1060 simul
898 1004 998 1082 atque
1009 998 1131 1065 Ouidio
1144 1004 1290 1070 natalem

198 1104 316 1180 fuisse,
330 1099 546 1167 monumentis
560 1097 730 1162 literarum
745 1096 962 1161 tradiderunt.
994 1098 1035 1162 ld
1051 1100 1118 1166 illis
1126 1106 1292 1186 persuasit

198 1223 316 1269 versus
331 1202 467 1286 quidam
482 1199 703 1275 Pentameter,
717 1218 816 1282 quem
828 1199 1000 1283 utriusque
1015 1201 1133 1267 Poetae
1153 1205 1291 1271 codices

199 1306 389 1389 presserunt,
404 1303 462 1367 ubi
484 1302 581 1366 ambo
603 1299 646 1363 de
669 1301 722 1364 sui
743 1306 835 1365 ortus
858 1308 1005 1386 tempore
1019 1306 1122 1369 verba
1143 1307 1290 1372 faciunt:

201 1406 314 1470 ‘Cum
337 1403 459 1470 cecidit
481 1390 553 1467 sat'o
577 1401 704 1466 Consul
732 1409 869 1486 uterque
896 1404 1005 1487 puri!e
1050 1404 1100 1469 At
1120 1405 1291 1492 Josephus

201 1510 361 1590 Scaliger,
385 1525 454 1588 qua
479 1511 551 1571 erat
579 1504 775 1586 sagacitate,
801 1507 943 1588 primum
980 1507 1201 1574 subodoratus
1229 1517 1291 1590 cst,

200 1612 290 1675 hunc
305 1607 506 1672 versiculum
520 1624 564 1668 ex
574 1603 704 1669 Tibulli
719 1606 940 1685 Carminibus,
954 1613 1112 1692 tanquam
1127 1612 1289 1693 spurium,

201 1711 347 1794 expungi
363 1715 536 1793 oportere3
559 1706 647 1790 quod
662 1708 698 1771 ni
712 1708 784 1787 fiat,
799 1729 952 1791 magnam
974 1713 1157 1794 temporum
1174 1714 1291 1778 consu-

199 1815 325 1877 siouem
344 1810 450 1875 oriri·
477 1808 652 1874 Calculum
666 1808 789 1894 adjecit
801 1809 825 1874 J
826 1828 909 1874 anus
931 1809 1061 1889 Dousa,
1076 1813 1135 1895 qui
1151 1813 1291 1879 Schedi-

199 1922 326 1977 asmate
357 1910 569 1976 Succidaneo
603 1910 646 1974 ad
675 1908 872 1990 Tibullum,‘¹
900 1913 1077 1978 manifesto
1112 1914 1291 1982 admodum

199 2014 354 2090 ostendit,
362 2013 405 2077 de
419 2032 498 2077 arca
512 2012 742 2077 Sulmonensis
758 2012 890 2097 Equitis
904 2013 1077 2097 aquodam
1086 2016 1120 2078 in
1134 2037 1170 2079 re
1184 2017 1291 2082 aliena

198 2116 296 2179 nimis
310 2114 460 2180 officioso
476 2114 602 2177 Tibulli
617 2113 857 2197 supellectilem
870 2119 1011 2179 auctam.
1049 2113 1150 2192 Quod
1164 2118 1290 2183 utinam

198 2217 389 2282 humaniore
413 2218 501 2302 style
515 2224 549 2282 et
572 2215 680 2280 minus
701 2212 854 2281 obsoleto
877 2218 1088 2300 praestitisset
1105 2219 1213 2283 bonus
1233 2220 1292 2283 ille

200 2321 329 2398 Densa,
357 2325 404 2398 ut,
432 2338 509 2403 quae
538 2319 715 2395 scribebat,
743 2325 777 2381 et
801 2319 867 2400 legi
893 2318 1058 2395 libentius
1088 2325 1123 2385 et
1150 2322 1290 2405 intelligi

196 2421 331 2485 facilius
345 2427 487 2504 possent.
531 2418 602 2500 Ego
618 2437 698 2482 vero
713 2423 914 2499 argumenta,
930 2421 1052 2502 quibus
1065 2422 1177 2500 utitur,
1198 2443 1290 2488 sum·

196 2522 311 2586 matim
324 2520 466 2604 proserre
480 2539 546 2583 non
564 2519 736 2599 gravabor.
780 2518 930 2583 Primum
950 2521 1061 2602 igitur,
1075 2523 1165 2587 nullo
1186 2524 1287 2590 modo

197 2622 351 2686 Tibullus
364 2621 529 2705 potuisset
544 2619 729 2684 Messalam
740 2620 835 2703 sequi
847 2619 889 2684 ad
902 2621 1023 2685 bellum
1035 2621 1287 2706 Aquitanicum,

197 2724 366 2807 stipendia
378 2741 513 2798 merere,
528 2722 626 2802 gnavi
647 2720 789 2803 denique
809 2720 924 2786 militis
939 2723 1047 2788 vicem
1067 2724 1289 2810 fungi,(quod

197 2825 271 2906 ipse
295 2824 337 2888 de
359 2843 397 2887 se
421 2813 569 2905 na'rrat,‘)
583 2821 770 2906 quindecim
793 2830 1025 2902 annosnatus,
1040 2826 1206 2891 ueletiam
1228 2812 1289 2892 ali·

197 2931 319 3009 quanto
334 2925 458 2989 minor:
480 2928 532 2989 tot
543 2924 631 2986 enim
644 2922 711 2987 fere
724 2923 932 2991 intercedunt
944 2926 987 2990 ah
998 2926 1102 2991 Hirtii
1116 2934 1150 2993 et
1162 2928 1288 2995 Pansae

196 3024 386 3092 Consulatu
402 3025 444 3090 ad
460 3024 618 3089 Messalae
632 3025 807 3090 victoriam
828 3046 868 3090 ac
889 3028 1087 3111 triumphum
1109 3029 1150 3092 de
1164 3028 1289 3111 Gallis,

196 3147 292 3210 quem
314 3130 380 3210 egit
403 3146 488 3191 anno
503 3126 547 3191 U.
565 3126 603 3190 G.
621 3143 803 3192 nccxxv1.
825 3133 862 3193 ut
878 3148 922 3193 ex
937 3130 1162 3194 vetustissimo
1176 3132 1288 3214 lapide

195 3228 280 3291 satis
303 3223 456 3290 constat!
496 3225 626 3290 Deinde
654 3227 816 3292 Ouidius⁸
842 3247 892 3292 tv.
918 3230 1193 3314 Trist.Eleg.10.
1217 3234 1287 3312 ubi,

195 3327 305 3391 aetatis
319 3326 433 3389 ordine
449 3331 593 3401 servato,
616 3325 741 3409 Elegiae
757 3329 889 3395 Latinae
914 3333 1093 3416 scriptores
1107 3341 1287 3412 enumerat,

195 3424 297 3489 Gallo
320 3426 502 3508 principem
527 3427 636 3489 locum
666 3428 788 3508 tribuit,
818 3430 957 3496 alterum
981 3431 1127 3509 Tibullo,
1156 3435 1285 3498 tortium

686 3630 794 3682 NOTAE

224 3761 236 3786 ⁶
252 3753 348 3804 Tibulli
359 3769 401 3805 ru.
413 3760 487 3807 018.
504 3757 582 3808 Ouid.
593 3771 632 3809 rr.
642 3759 719 3808 Trist.
789 3767 801 3792 e
819 3760 874 3810 Lib.
886 3774 907 3810 1.
919 3761 993 3824 Eleg.
1004 3765 1028 3811 7.
1037 3765 1062 3811 9.
1072 3775 1144 3824 seqq.
1208 3817 1215 3829 ,

194 3833 232 3878 10.
243 3834 268 3880 u.
791 3832 799 3864 ¹
814 3848 844 3885 ss.
854 3848 996 3884 vassalus.
1008 3849 1038 3885 nr.
1050 3848 1074 3884 r.
1092 3849 1123 3884 nr.
1142 3848 1168 3885 u.
1186 3848 1287 3886 mussu-

194 3955 200 3964 ,
216 3904 433 3957 *schediasmate
449 3909 609 3960 Succiduueo
626 3912 659 3961 ad
672 3911 718 3960 Ti·
758 3922 799 3958 ns.
817 3923 844 3958 Α.
860 3923 1283 3961 nocxxvr.couv1uvs.euocos.

190 3979 298 4043 bullum,
317 3981 385 4046 quod
407 3984 582 4034 Praecidsueis
600 3987 652 4035 suis
669 4002 716 4050 pro
757 3998 801 4033 sx.
811 3998 919 4035 ossum.
931 4000 980 4035 vu.
993 4000 1020 4035 u.
1032 4000 1092 4035 ocr.
1111 3987 1158 4035 Est
1169 3987 1190 4034 is
1202 4002 1283 4037 nunus

190 4055 295 4105 Tibullo
306 4055 410 4118 adjecit,
420 4060 540 4124 quodque
552 4068 608 4124 post
620 4063 717 4111 Metel·
756 4062 788 4109 U.
799 4063 829 4110 C.
840 4065 897 4110 727.
914 4062 1096 4112 Varronianus.

191 4131 243 4188 lum
262 4130 287 4178 iu
308 4132 370 4181 edit.
387 4132 468 4184 Paris.
485 4139 556 4185 16⁰4.
574 4137 606 4186 sd
617 4138 714 4187 calcem
787 4144 800 4182 1
816 4138 940 4186 ruTrist.
953 4142 992 4186 10.
1003 4143 1043 4186 ol.
1060 4138 1216 4199 ‘Virgilium
1229 4139 1282 4188 vidi

190 4204 311 4254 editionis
325 4221 377 4254 sum
394 4208 483 4257 recudi
501 4213 600 4260 serravit
616 4212 715 4260 Brouk-
755 4216 870 4260 tautum:
887 4226 934 4259 uec
949 4227 1035 4260 aurare
1053 4212 1153 4260 Tibullo
1170 4215 1282 4276 Tempus

190 4281 287 4344 husius,
299 4283 342 4346 qui
354 4283 378 4331 iu
392 4284 487 4333 Dousae
504 4287 658 4335 senteutiam
670 4301 715 4350 pe·
754 4285 873 4334 amicitiae
883 4284 937 4334 fata
948 4287 1042 4335 dedere
1054 4302 1125 4335 mere.
1142 4290 1284 4337 Successor

189 4356 263 4405 dibus
275 4357 374 4407 transit.
401 4360 515 4408 Eandem
527 4368 616 4410 ornate
627 4376 713 4425 perse·
753 4359 802 4410 fuit
821 4362 862 4410 hic
883 4363 939 4422 tihi,
951 4362 1041 4411 Galle:
1059 4363 1210 4425 Propertius
1228 4367 1282 4415 illi:

190 4438 263 4491 cutus
286 4439 326 4481 est
345 4434 500 4483 Sauadouius
522 4435 554 4484 sd
583 4435 675 4485 Horat.
696 4451 715 4486 r.
754 4437 866 4486 Quartus
885 4438 918 4486 ab
937 4438 976 4486 his
997 4439 1063 4486 serie
1086 4438 1208 4500 temporis
1226 4440 1280 4502 ipse

191 4504 273 4564 Epist.
286 4512 310 4553 1.
323 4505 358 4557 cf.
371 4511 446 4558 etiam
461 4511 571 4561 Matreu.
589 4511 650 4560 vita
661 4512 714 4562 He.
754 4510 807 4561 fui?

190 4580 247 4625 retii
259 4580 291 4628 ad
305 4597 327 4630 u.
340 4588 395 4633 722.
