2760 5130
170 753 215 823 26
576 766 665 815 vrrs
689 766 855 814 visuum.

171 912 258 978 enim
272 908 478 976 commodius
490 907 524 972 in
538 912 679 972 mentem
695 904 802 990 venit)
816 908 878 971 snb
895 905 1060 991 Lygdsmi
1076 913 1109 971 et
1124 905 1260 972 Nsaerae

170 1012 359 1078 nominibus
373 1011 525 1092 cuipiam
537 1011 717 1074 amicorum
732 1008 960 1090 gratificatum
973 1027 1041 1072 non
1055 1009 1140 1086 suis,
1152 1015 1188 1073 at
1200 1009 1262 1073 ali·

172 1114 245 1180 suis
267 1113 444 1190 amoribus,
473 1112 578 1177 castis
602 1117 713 1176 tamen
733 1118 769 1177 et
794 1110 1039 1195 conjugalibus,
1066 1111 1262 1175 inserviens.

172 1214 449 1295 Psmmlibenter
461 1232 498 1279 se
515 1212 677 1277 militasse
690 1213 765 1295 ipse
779 1231 848 1276 non
864 1212 966 1277 semel
982 1211 1164 1294 significat:
1185 1230 1261 1275 nam

171 1323 207 1382 et
219 1302 323 1380 Pacis
337 1315 495 1380 cultorem
510 1332 548 1377 se
563 1312 747 1396 pmlitetur,
758 1313 933 1398 diramque
942 1314 1031 1378 sitim
1039 1313 1175 1378 humani
1185 1332 1263 1378 sau·

171 1418 280 1501 guinis
295 1416 472 1483 identidem
487 1413 704 1481 abominatur.
749 1414 901 1480 Macrum
915 1420 951 1479 et
962 1414 1161 1480 Horatinm¹
1174 1414 1263 1478 Poii·

170 1525 223 1584 tas
236 1521 272 1583 in
283 1518 504 1583 familiaribus
517 1516 650 1582 babuit:
672 1516 772 1582 etiam
794 1515 835 1580 T.
851 1516 975 1598 Valgii,
999 1515 1149 1580 Heroioo
1164 1534 1261 1580 versu

170 1620 377 1696 excellentis,
401 1617 615 1684 honorificam
628 1613 943 1682 mentionemfacit.k
987 1616 1264 1701 Ejussotemim·

170 1729 318 1787 maturus
332 1721 446 1785 obitus
463 1719 615 1784 Nasonis
636 1718 755 1784 illustri
777 1717 939 1802 Epicadio
955 1717 1095 1783 defletus
1109 1714 1183 1795 est,¹
1202 1719 1262 1802 qni

170 1827 306 1889 matrem
320 1825 358 1886 et
368 1840 512 1886 sororem
527 1838 682 1905 suprema
700 1820 752 1884 illi
773 1821 911 1905 pietatis
934 1819 1045 1885 officis
1059 1821 1263 1904 persolvisse

170 1924 294 1989 scribit.
338 1922 464 2003 Quanti
479 1931 591 1987 autem
605 1921 731 2004 Elegiae
745 1922 870 1987 Tibulli
885 1922 1094 1988 aestimandas
1108 1923 1186 2000 sint,
1208 1922 1263 1986 vel

169 2043 214 2091 ex
227 2045 294 2091 nno
309 2026 419 2092 Fabio
440 2024 680 2105 Quintilianom
705 2024 861 2107 colligere
883 2019 1084 2109 posssimus3
1106 2025 1168 2107 qui
1185 2023 1263 2087 cum

170 2133 292 2194 tersum
312 2127 446 2212 judicet
459 2135 564 2210 atque
579 2126 761 2208 elegantem
773 2126 944 2206 maxime3
965 2126 1063 2190 simul
1085 2125 1116 2188 ei
1143 2123 1262 2207 prinoi-

170 2238 287 2311 patum
314 2231 348 2294 in
375 2228 442 2294 hoo
465 2249 581 2312 genere
608 2227 775 2293 Carminis
800 2228 901 2292 facile
924 2228 1049 2293 tribuit
1093 2224 1263 2290 Horatius

170 2328 292 2394 Cassio
308 2330 486 2395 Parmensi
502 2331 693 2414 praeponit¹¹
741 2330 885 2396 Ovidius
901 2327 1084 2393 ‘cultum’⁰
1105 2326 1263 2410 appellat,

170 2432 311 2516 ejtrsque
326 2431 485 2497 Carmina
492 2451 658 2516 nunquam
671 2433 915 2497 intermoritura
926 2430 1136 2496 vaticinatur.
1160 2427 1264 2510 Equi·

170 2533 249 2596 dem
276 2533 414 2598 Tibullo
444 2534 633 2598 suaviorem
666 2533 817 2611 Poiitam,
853 2533 1044 2616 planiorem,
1075 2534 1132 2594 aut
1159 2528 1264 2612 magis

169 2639 286 2716 aptum
299 2633 342 2698 ad
357 2641 467 2698 mutus
482 2634 582 2699 animi
603 2635 784 2718 pingendos
798 2654 866 2700 non
880 2633 1040 2697 invenio.p
1082 2630 1177 2710 Sunt,
1191 2630 1264 2713 qui·

661 2783 767 2834 NOTAE

168 2893 226 2944 elta
245 2893 440 2958 intelligentam
462 2894 594 2960 qnoniam,
615 2895 637 2944 si
658 2896 695 2946 di·
769 2895 835 2947 ¹¹tv.
847 2900 871 2946 l.
891 2900 947 2946 luti.
958 2894 1067 2945 simodo
1077 2891 1142 2943 illud
1153 2893 1264 2943 Canuen

169 2983 252 3021 vana
262 2968 381 3034 fuissent,
396 2985 441 3020 eas
455 2984 575 3021 unacum
591 2972 697 3037 reliquis
736 2972 829 3023 Tibulli
838 2979 888 3022 est.
922 2971 1009 3020 littam
1023 2969 1119 3021 Catulli
1134 2972 1264 3019 arnust.

170 3045 698 3097 Ovidimcommenoratnrssfoisseride·
768 3047 834 3100 ¹111.
854 3047 944 3099 Amor.
974 3049 1092 3111 Elegit.
1118 3044 1263 3110 subjectam

169 3120 229 3170 tar!
261 3119 300 3170 Aa
318 3120 408 3171 eodem
425 3129 577 3186 argumento
589 3119 697 3172 eflirnrs·
736 3125 815 3174 mam
825 3124 868 3174 bic
878 3125 947 3174 inter
956 3122 1111 3173 testimonla.

168 3195 212 3258 bo,
221 3210 272 3246 non
284 3197 360 3247 mmo
370 3198 512 3259 Sulpiciam
527 3206 556 3248 st
566 3199 696 3261 Nearam,
767 3207 786 3234 ¹
804 3200 861 3251 nb.
873 3213 902 3250 x.
914 3200 981 3250 lnat.
993 3214 1016 3249 c.
1031 3203 1052 3249 l.
1069 3198 1179 3262 ‘Elegia
1190 3197 1264 3247 Gre-

169 3270 216 3321 sad
238 3271 318 3320 etiam
337 3271 460 3321 Nemesin
482 3272 562 3322 fnisse
585 3274 696 3324 eandem
736 3291 780 3327 cos
797 3293 899 3344 quoqne
917 3290 1100 3342 provocamus:
1118 3275 1191 3339 cujus
1203 3275 1264 3326 mibi

168 3360 227 3396 com
237 3346 329 3407 Delia3
340 3346 400 3411 quia
407 3346 474 3400 banc
482 3360 558 3396 unam
568 3346 695 3410 Apuleius
736 3359 819 3402 tersus
831 3361 910 3417 atque
922 3355 1026 3414 elegans
1036 3351 1148 3400 mulme
1160 3351 1264 3401 videtur

167 3423 225 3472 loeo
242 3421 347 3471 lsudsto
363 3429 500 3484 memorat,
520 3428 548 3471 et
566 3423 695 3472 Martialis
735 3432 825 3475 anctos
854 3424 989 3474 Tibullus.¹
1031 3422 1188 3476 Quintiliani
1215 3426 1264 3476 boc

168 3512 210 3560 ea,
222 3512 279 3562 qua
296 3497 414 3547 Tibullus
431 3497 464 3547 ds
475 3498 552 3548 Delia
562 3499 695 3562 pronunti·
730 3498 857 3563 judicium
874 3499 992 3562 explicat
1010 3513 1041 3549 ac
1060 3498 1179 3550 defendit
1197 3500 1265 3566 llyr-

168 3574 232 3637 avlt‚
248 3575 299 3623 ‘Et
310 3575 388 3638 juvat
402 3574 428 3624 iu
446 3581 502 3626 tota
512 3589 553 3625 me
565 3575 626 3626 nibil
638 3590 695 3625 esse
736 3591 803 3627 man.
812 3578 835 3641 i.
845 3581 885 3628 st).
896 3580 951 3627 lot.
967 3577 1103 3640 lugeuium
1114 3585 1142 3628 et
1159 3580 1265 3630 charac-

168 3648 260 3714 tlomo,’
281 3650 315 3699 ad
334 3650 457 3700 Nemesin
477 3652 575 3700 retulit.
617 3651 696 3715 Quid,
737 3661 818 3703 terem
841 3654 978 3717 Elegornm
1000 3652 1097 3703 Tibulli
1119 3668 1203 3718 nuper
1223 3656 1264 3704 vir

168 3742 264 3792 quaeso,
282 3741 314 3776 ea
323 3726 432 3776 definire
443 3725 534 3790 refert,
553 3742 610 3792 qam
628 3725 695 3777 affir·
736 3728 828 3778 doctus
850 3728 918 3778 beue
938 3729 1060 3791 exposuit
1087 3729 1112 3778 iu
1134 3730 1204 3779 Dies.
1230 3730 1263 3779 de

168 3817 240 3854 mare
262 3811 291 3855 et
317 3803 457 3853 defendere
482 3817 530 3853 uec
547 3804 619 3865 licet,
645 3817 694 3854 nec
734 3802 825 3853 Poitis
844 3805 919 3867 Eleg.
942 3805 1015 3854 Rom.
1035 3804 1074 3869 (in
1095 3805 1263 3870 Nachtriigen

168 3879 306 3944 quicquam
322 3879 449 3928 interest?
474 3879 566 3930 Potuit
584 3879 693 3931 Ovidius
735 3894 766 3928 zu
775 3879 881 3928 Sulzern
892 3878 929 3928 11.
941 3879 972 3928 B.
984 3879 1008 3929 1.
1020 3879 1075 3944 St.)

168 3971 184 4006 e
205 3956 322 4021 pluribus
339 3954 433 4005 Tibulli
451 3955 539 4005 amicis
560 3955 694 4005 nominare
765 3962 778 3989 ⁸
795 3956 978 4018 composuerat
993 3955 1096 4004 Cassius
1108 3956 1150 4006 ille
1161 3958 1263 4019 'l'rugoe-

168 4031 241 4093 duas,
256 4029 323 4081 forte
335 4034 436 4094 potiore
452 4031 509 4080 loco
525 4030 637 4093 habitas,
649 4041 695 4081 aut
734 4031 799 4092 dias,
818 4031 930 4093 Elegiae,
944 4037 972 4079 st
984 4031 1185 4094 Epigrammata,
1205 4046 1262 4095 qua

169 4108 225 4157 aliis
245 4107 278 4157 de
299 4107 381 4156 causis
405 4107 475 4156 iuter
493 4114 595 4155 ceteras
616 4105 694 4169 insig.
734 4105 1059 4171 nonmagniirsbebantur.
1092 4107 1262 4169 ltaque,cnm
1295 4165 1300 4174 v

170 4199 225 4235 nes.
732 4183 858 4234 Horatius
877 4181 944 4230 dixit
962 4182 1089 4230 Tibullum
1114 4183 1262 4243 ‘Scribere,

201 4259 208 4293 ¹
222 4261 305 4311 Quem
322 4255 354 4306 ad
371 4258 494 4306 Nostrum
507 4270 525 4305 r.
544 4255 647 4307 oasa.
665 4263 693 4305 st
734 4260 802 4326 qnod
820 4259 890 4308 Cassi
910 4260 1055 4307 Parmensis
1070 4261 1194 4323 opuscula
1210 4261 1265 4309 vin·

167 4349 187 4383 ι.
200 4337 284 4399 Epist.
295 4339 319 4384 4.
340 4334 474 4397 scripsisse
491 4331 633 4382 doctissimi
651 4335 694 4383 ln·
734 4334 802 4385 cst?
827 4349 876 4383 non
901 4341 1029 4382 tumeam
1052 4335 1166 4394 laudare,
1187 4350 1261 4398 quarn

167 4416 297 4470 terpretes
307 4409 469 4458 existimant:
480 4422 623 4471 quanquam
633 4423 695 4457 uon·
734 4413 801 4460 hunc
818 4411 938 4472 sugillare
949 4410 1059 4457 voluisse
1071 4410 1194 4458 dicendus
1211 4419 1260 4460 est.

167 4482 228 4530 dum
255 4486 287 4531 ab
316 4486 383 4532 omui
409 4485 569 4533 dubitatione
591 4492 694 4534 exemto
766 4495 778 4518 ⁰
796 4501 814 4535 1.
827 4485 914 4535 Amor.
926 4491 964 4535 15.
975 4490 1015 4534 28.

167 4560 211 4609 ills
226 4560 323 4622 opinio,
343 4561 401 4609 milri
418 4562 530 4624 uiridem,
547 4577 604 4610 esse
624 4564 693 4612 vide·
766 4572 779 4604 Ρ
796 4563 895 4621 Voluit,
906 4569 980 4624 puto,
988 4562 1098 4623 Vulpius
1106 4563 1261 4613 suavitatem

168 4644 218 4687 tur.
253 4638 294 4684 De
308 4637 397 4685 ltlacro
407 4639 500 4686 Tibull.
513 4652 543 4687 rr.
555 4645 578 4689 6.
591 4646 613 4688 l.
735 4648 761 4690 et
772 4638 925 4689 facilitatem
937 4653 995 4688 cum
1008 4639 1193 4689 sententiarum
1207 4647 1260 4689 term
