2760 5130
890 362 893 372 ι

1066 424 1071 431 0

545 732 750 785 ranrrrro.
1156 726 1198 791 17

96 878 147 942 ita
159 875 279 959 legitur
291 880 325 941 et
338 876 593 960 interpungitur:
612 878 723 958 ‘Quot
735 878 853 943 subitae
866 880 1003 944 veniunt
1013 881 1196 950 validorum
1327 959 1329 964 ,

96 981 288 1060 incorpora
302 983 425 1041 mortes
438 980 454 1040 l
499 978 611 1060 Seque
632 980 718 1062 ipsae
733 999 847 1043 rursus
861 979 1001 1062 fugiunt,
1017 988 1195 1067 errantque

97 1098 159 1163 per
171 1081 274 1160 ignes.
319 1078 375 1142 Ex
388 1079 474 1162 ipsis
489 1081 626 1163 quidam
641 1082 720 1144 elati
737 1081 863 1145 rediere
882 1082 1086 1163 sepulchris!
1116 1084 1197 1150 Non

98 1180 228 1245 variant
254 1178 331 1245 libri
358 1197 423 1243 nec
450 1179 519 1257 alii,
542 1201 606 1244 nec
628 1181 833 1263 Lipsiensis3
858 1182 965 1246 habeo
987 1183 1021 1246 in
1042 1186 1195 1252 manibus

98 1281 212 1365 ipsum
239 1280 380 1344 Bentleii
405 1282 580 1371 exemplar
604 1282 749 1346 Plentin.
775 1302 806 1345 a.
828 1282 926 1347 1600.
949 1285 1005 1348 cui
1018 1284 1196 1350 Variantes

28 1371 33 1386 ⁴
97 1381 188 1449 illius
200 1381 277 1446 libri
292 1382 447 1465 ascripsit
460 1382 482 1446 J
486 1384 581 1446 nach.
598 1383 689 1448 Frid.
716 1385 905 1448 Fellerus:¹
927 1405 988 1450 nec
1014 1386 1095 1450 loco
1120 1406 1198 1471 sup·

98 1483 208 1566 petias
234 1483 377 1547 tulerant
389 1482 431 1545 Τ.
448 1482 721 1548 Hemsterhnsius
741 1491 776 1549 et
797 1484 835 1548 L.
851 1485 1040 1562 Santenius,
1057 1506 1197 1568 quorum

100 1584 355 1648 emendationes
376 1586 583 1667 reperiuntur
597 1585 642 1650 ad
657 1587 839 1667 marginem
855 1585 1019 1650 Editionis
1034 1587 1199 1652 Bentleia·

99 1703 154 1748 nss
169 1685 387 1750 commodatae
402 1685 484 1749 mihi
498 1705 604 1768 nuper
615 1705 637 1750 a
650 1686 741 1749 Frid.
754 1684 842 1766 Aug.
854 1681 993 1750 Wolfio.
1038 1686 1084 1751 At
1100 1688 1200 1753 Bent-

99 1785 184 1851 leius
198 1787 274 1868 ipse
296 1786 434 1851 scribit:
460 1785 574 1851 ‘Illud
602 1792 683 1871 ‘per
697 1785 805 1868 ignes'
828 1805 928 1851 sensu
955 1807 1098 1853 vacuum
1126 1798 1197 1867 est;

101 1906 162 1952 nee
188 1892 327 1961 conatus
350 1893 402 1952 est
426 1889 604 1972 quisquam
633 1888 847 1970 interpretari.
893 1886 1046 1971 Repono,
1061 1893 1071 1923 ‘
1087 1888 1196 1972 Seque

101 1986 189 2070 ipsse
202 2008 319 2054 rursus
341 1990 479 2073 fugiunt,
501 1994 677 2073 errantque
700 2010 758 2072 per
786 2007 914 2052 omnes.
958 1989 1011 2051 Ex
1027 1990 1110 2072 ipsis
1125 1993 1198 2072 qui·

101 2087 179 2153 darn
194 2091 283 2170 elati,
297 2091 368 2156 &cl
411 2092 469 2156 Sic
491 2092 550 2156 ille
571 2091 691 2156 edidit:
720 2111 797 2155 num
818 2091 977 2165 iacturas,
992 2089 1022 2153 si
1037 2091 1072 2153 in
1088 2091 1198 2156 locum

101 2190 277 2258 incidisset
303 2192 500 2276 Propertiit
556 2192 627 2258 Vix
655 2192 762 2259 credo.
819 2192 909 2256 Nam
940 2192 1034 2256 locus
1065 2191 1196 2257 Manilii

101 2292 175 2355 sine
195 2292 299 2358 dubio
321 2294 369 2359 ita
388 2296 670 2378 interpungendus
700 2301 774 2358 est:
806 2300 891 2377 ‘per
912 2295 1005 2377 ignes
1032 2292 1085 2356 Ex
1109 2294 1195 2376 ipsis

101 2392 241 2476 quidam
273 2395 582 2478 elati-sepulcris?
630 2396 698 2461 Sed
720 2414 880 2478 quorsum
905 2393 1091 2458 ‘redieret'
1133 2394 1197 2459 Ni·

101 2494 151 2557 bil
177 2495 379 2579 expeditius.
434 2494 578 2578 Appone
608 2496 736 2560 literam
762 2499 941 2560 extremam
973 2494 1196 2576 praecedentis

102 2594 198 2660 verbi
220 2594 389 2678 ‘lugiunt’
410 2596 527 2674 verbo,
542 2596 631 2680 quod
647 2597 807 2679 sequitur,
831 2596 1051 2679 ‘errantque’
1063 2601 1097 2659 et
1111 2617 1199 2661 men·

103 2693 182 2759 dnm
195 2695 259 2760 boc
280 2695 329 2760 ita
350 2697 494 2777 corrige:
531 2695 653 2775 ‘Quot
676 2697 797 2761 subitae
818 2697 952 2761 veniunt
966 2696 1147 2761 validorum
1164 2698 1199 2760 in

103 2814 246 2880 corpora
256 2798 405 2861 mortesl
428 2794 537 2878 Seque
556 2796 643 2879 ipsae
658 2817 772 2861 rursus
787 2797 929 2879 fugiunt,
942 2805 1125 2880 terramque
1139 2818 1200 2880 per

103 2897 200 2979 ignes
214 2895 270 2961 Ex
283 2896 371 2980 ipsis
386 2896 523 2980 quidam
542 2897 624 2962 elati
636 2898 764 2964 rediere
781 2896 988 2981 sepulchris:
1021 2897 1133 2979 Atque
1147 2899 1199 2961 his

104 2998 176 3063 vita
190 2997 330 3081 duplex,
341 2998 410 3063 illis
429 2999 490 3063 vix
505 2998 744 3081 contigitque?
788 2997 1073 3061 Constructionem
1098 2998 1199 3079 hujus

104 3099 173 3164 loci
187 3103 220 3164 et
233 3099 427 3177 locutionm,
442 3099 483 3163 de
497 3119 564 3182 qua
574 3100 693 3181 agitur,
705 3099 773 3161 vim
788 3097 911 3181 optime
925 3096 1068 3160 illustret
1083 3096 1200 3162 Livius

108 3214 159 3262 rr.
172 3198 226 3264 29.
260 3198 451 3263 ‘Messium
473 3199 619 3282 impetus
643 3218 701 3281 per
728 3203 850 3263 stratos
871 3195 964 3262 caede
988 3198 1100 3262 hostes
1123 3217 1200 3262 cum

105 3300 209 3382 globo
221 3299 475 3365 fortissimorum
485 3299 646 3382 juvenum
666 3299 786 3362 extulit
806 3297 848 3361 ad
863 3303 972 3364 eastra
986 3297 1199 3375 Volscorum,

105 3418 188 3490 qnqe
215 3400 360 3465 nondum
382 3409 484 3484 capta
511 3397 623 3464 erant!
674 3398 784 3492 Paulo
808 3405 901 3481 post:
932 3404 1034 3464 ‘cum
1062 3400 1200 3464 dimisso

107 3503 256 3567 exercitu
279 3503 393 3566 urbem
416 3499 576 3567 redisset!
632 3499 700 3563 Ubi
726 3498 871 3562 editores
895 3499 973 3562 ‘in'
998 3499 1199 3582 adjecerunt,

105 3602 221 3670 inritis
244 3603 339 3668 libris
363 3603 509 3687 optimis.
553 3601 606 3665 De
632 3619 666 3662 re
689 3599 767 3681 ipsa
790 3598 982 3682 Propertius
1006 3616 1045 3663 rr.
1071 3600 1198 3663 2216.

611 3800 716 3854 NOTAE

141 3928 152 3956 ¹
169 3924 228 3976 Boe
247 3925 391 3991 exemplar,
403 3926 492 3977 nescio
509 3942 560 3992 quo
573 3943 633 3978 casn
676 3926 801 3992 spondet)
812 3923 903 3978 Joach.
920 3925 1005 3976 Freid.
1023 3923 1138 3975 Fellerur
1150 3911 1200 3974 Αἵ).

106 4001 209 4052 esurit
226 4001 253 4051 in
272 4001 407 4051 Bataviarn
427 4002 459 4051 ed
477 4003 503 4054 J.
518 4001 636 4065 Altheeq
674 4015 813 4053 uncxcrrr.
830 4001 939 4062 Lipsiae
961 4000 988 4049 io
1011 4000 1117 4063 gratiam
1136 4000 1201 4048 cete-

104 4077 239 4128 librarium
265 4077 561 4142 libens-Trnjectinarm
588 4094 634 4128 un·
673 4077 778 4129 berrimi
794 4076 860 4137 Viri,
877 4075 998 4125 Richardi
1016 4075 1139 4135 Bentleii,
1157 4089 1201 4136 pa·
1297 4079 1300 4084 '

106 4152 152 4217 tle,
161 4152 210 4202 sub
219 4151 317 4203 exitum
327 4151 388 4203 anni
399 4153 549 4217 superioris,
565 4153 634 4202 dela·
674 4153 756 4202 rantis
780 4151 898 4201 omnibns
923 4150 1034 4200 numeris
1058 4147 1201 4199 absolutam

103 4236 162 4281 erm
181 4236 222 4280 est
237 4229 270 4279 ed
288 4243 338 4280 me.
381 4228 547 4292 Praererlpeit
566 4230 633 4279 libro
675 4229 751 4292 bojus
776 4226 866 4277 Paete
891 4226 1040 4275 editionem.
1065 4221 1202 4274 Godefrid.

103 4320 198 4356 mers
225 4320 298 4356 suum
321 4304 464 4355 Richardns
490 4306 633 4355 Bentleius.
676 4303 802 4364 Richteri,
818 4304 852 4354 de
871 4317 920 4368 quo
938 4302 992 4365 egit
1009 4299 1112 4349 Woltinr
1129 4297 1202 4348 inA-

105 4380 265 4446 Srrbeeripsit
276 4381 408 4431 Fellerm:
427 4379 565 4431 ‘Contulit
577 4382 634 4430 Ma·
674 4378 735 4428 nell.
753 4378 835 4428 liter.
851 4379 926 4428 Tem.
943 4390 963 4426 r.
983 4393 1007 4440 p.
1024 4379 1066 4424 ot.
1084 4376 1152 4426 eolla
1170 4375 1201 4427 tit

105 4457 195 4507 silim
217 4470 277 4507 eum
300 4456 396 4508 Codice
418 4447 493 4509 Μῖιῖ
508 4455 634 4522 lipsiensi
675 4457 781 4510 mentio.

105 4532 163 4598 (qni
185 4532 281 4597 ubique
304 4529 361 4582 fers
389 4532 570 4584 Gembleceosi
595 4546 634 4580 re·

171 4611 260 4678 Detpt.
267 4617 292 4663 et
304 4612 362 4664 Ver.
372 4614 439 4663 clus.
623 4609 699 4663 libat.
1113 4611 1136 4659 B
