2760 5130
314 754 417 803 ussit
440 757 597 807 ursussr
627 761 696 806 urs.
722 761 745 806 r.
769 761 875 810 essu.
897 748 929 812 1.
1110 749 1177 816 373

66 909 208 963 superesse
216 896 262 947 ait.
295 897 373 948 Aliud
382 907 422 949 est
432 899 519 948 levare
527 916 604 950 mem·
642 904 658 954 J
663 919 737 953 enirm
749 903 888 954 bifrontem
899 912 981 957 sumis
991 906 1051 956 irinc
1060 908 1177 959 similitu·

66 969 117 1021 brs
140 971 167 1020 in
184 973 307 1023 Moreto:
325 974 373 1024 boc
395 981 446 1037 est,
465 976 602 1036 ‘toiiere;‘
642 979 701 1027 dine
716 981 846 1042 aptissime
859 989 976 1031 utentem
992 984 1101 1034 inducit.
1117 985 1174 1048 [De

64 1046 110 1097 bic
122 1050 130 1076 ‘
142 1047 328 1111 requiescere!
344 1050 408 1099 Seni.
643 1054 713 1103 Cane
735 1054 792 1103 vide
813 1056 845 1105 N.
865 1057 890 1105 iu
904 1057 1022 1119 Petron]
1041 1058 1174 1108 Perticem

98 1127 133 1172 48
158 1123 350 1185 Imbrejucerrie
367 1124 445 1188 usui]
473 1126 539 1174 Haec
562 1132 603 1176 est
643 1146 717 1178 mann
740 1138 842 1193 gestare
866 1132 967 1181 assidue
993 1133 1030 1180 iris
1052 1135 1174 1183 sollemne

64 1197 259 1267 priscsriectio,
277 1215 325 1248 uon
346 1200 421 1269 ἔμω
438 1207 467 1250 ut
489 1203 601 1263 strigatae
643 1214 707 1256 erat.
743 1209 805 1256 Enm
826 1209 974 1260 ‘Hostinrii
994 1211 1106 1275 virgum'
1129 1228 1174 1275 ep·

64 1274 208 1325 editiones.
241 1277 347 1339 Seppiro
360 1293 367 1325 z
378 1274 436 1339 ὕδωρ
445 1275 517 1339 ’Appi
527 1275 552 1324 di
562 1281 603 1339 ψν·
643 1284 840 1346 pciiatSeneca3
851 1284 987 1333 ‘custodis
997 1280 1173 1335 hersindinem'

64 1349 130 1421 χρὸν
142 1351 274 1400 sinnicii?
283 1351 357 1400 ὕσδων
367 1352 483 1402 Μυάνων·
496 1354 602 1403 αἰθυσσο·
643 1360 764 1422 Propert.
777 1369 803 1408 et
815 1360 931 1422 Arbiter,
941 1358 986 1424 qui
997 1375 1101 1423 eumpse
1111 1376 1174 1424 quo·

63 1423 145 1486 uisus
162 1425 188 1474 ii
203 1425 301 1488 φύλλων
310 1430 508 1492 Κῶμακαταῤῥιῖ.
526 1432 601 1480 idem.
643 1449 691 1498 que
708 1435 808 1497 ‘junnae
828 1450 968 1498 appensam
992 1433 1175 1499 suffixamque'

97 1507 133 1552 49
148 1502 332 1567 Sitdiceejure]
352 1506 599 1569 Excerptaiiiasii-
640 1507 866 1559 suessonice.
899 1509 1172 1575 Videini'reEieg.8.

63 1587 109 1630 ter
117 1579 228 1629 hubent:
245 1581 278 1630 sit
288 1582 361 1644 dices,
373 1596 428 1630 rure
429 1581 539 1641 furorem
550 1584 599 1638 Qui
672 1591 703 1634 57
724 1587 776 1633 Non
788 1601 830 1647 ego
847 1585 952 1648 iuudurr']
970 1588 1034 1635 Post
1054 1587 1103 1636 hoc
1122 1587 1173 1636 dis·

63 1655 152 1716 nun's,
162 1661 185 1704 et
197 1656 249 1704 ccii
261 1657 412 1717 subituscrre
421 1663 505 1720 potest.
540 1658 598 1708 Hoc
639 1661 725 1710 ticirou
747 1662 848 1709 retrslre
865 1662 914 1709 irnc
937 1669 1047 1726 quatuor
1060 1661 1170 1712 disticho

61 1744 158 1780 sensu:
176 1731 294 1781 Divitem
311 1746 367 1780 eum
385 1746 442 1779 esse
460 1739 532 1794 puto,
554 1732 597 1796 qui
637 1735 758 1800 fugitive,
779 1752 837 1800 quae
857 1737 882 1784 in
901 1737 1016 1785 secunda
1029 1737 1120 1800 Elegia
1134 1738 1171 1786 iu·

61 1805 170 1857 abditus
187 1806 240 1856 rnri
252 1807 319 1856 ridet
330 1807 449 1855 hibernos
459 1813 597 1870 tempesta-
638 1815 739 1862 venies:
761 1813 815 1875 Ipse
825 1813 900 1874 bones,
912 1828 972 1874 mec,
980 1813 1025 1860 sim
1038 1819 1114 1862 tecum
1123 1829 1170 1862 mo·

62 1887 117 1931 tes.
151 1881 209 1930 Hoc
222 1882 289 1930 enim
302 1882 377 1930 vaide
391 1897 448 1931 cum
461 1884 596 1946 superiori·
637 1891 675 1949 do,
688 1889 770 1949 Deir'u,
782 1903 884 1951 nempe,
896 1896 924 1937 nt
936 1888 1001 1948 dixi,
1018 1904 1075 1938 cum
1089 1889 1170 1937 tribus

61 1957 244 2009 buscohseret.
262 1958 395 2007 Prosterea
406 1967 596 2022 pentametrum
637 1965 803 2028 sequentibus
813 1963 939 2013 distichis.
969 1965 1102 2014 Quomodo
1114 1965 1169 2013 bec

61 2033 216 2084 concinnius
239 2033 327 2084 babet.
360 2035 413 2083 Sed
434 2035 470 2083 iiii
491 2036 596 2084 lectioni
637 2055 682 2088 suo
705 2041 761 2088 ioco
790 2040 879 2087 iuxuts
901 2038 1008 2100 fuerint,
1028 2040 1169 2102 proctivius

61 2124 126 2162 enm
137 2110 302 2174 sequentibus
320 2125 369 2159 non
389 2111 453 2160 bene
466 2114 596 2162 convenit.
637 2124 678 2165 est
703 2117 800 2176 mirari,
819 2131 895 2178 quam
913 2115 969 2178 ejus
990 2114 1169 2163 reiectionem

60 2184 212 2239 Videndum
229 2200 261 2235 an
279 2188 369 2236 meiius
381 2189 430 2238 hnc
444 2188 596 2238 traducetur
639 2190 763 2250 reddere;
782 2198 809 2238 ut
833 2204 882 2237 non
910 2205 999 2253 perum
1020 2188 1168 2249 fecerimus,

60 2260 200 2324 distichon,
211 2264 280 2327 quod
291 2265 432 2313 secundum
443 2281 457 2313 a
467 2253 596 2328 principio
637 2268 678 2331 qni
690 2268 745 2315 baec
758 2280 803 2314 suo
815 2267 872 2314 ioco
884 2265 1080 2314 restituerimus.
1099 2266 1123 2314 N
1127 2266 1168 2313 oio

59 2338 162 2401 ntegra
179 2338 284 2402 tegitur,
305 2346 334 2388 ut
357 2340 395 2388 ita
410 2341 593 2389 continuetur:
634 2343 700 2393 enim
713 2343 789 2391 siiter
801 2341 960 2404 diligentiam
977 2347 1091 2388 nostram
1106 2353 1166 2389 ren·

59 2412 119 2465 Hoc
129 2413 594 2476 mibicontingotrsitdinesjurejuro·
634 2419 725 2468 ditore.
758 2417 834 2468 Qriod
854 2417 948 2475 sentio,
971 2416 1051 2464 iibere
1072 2417 1167 2467 dicum.

57 2504 113 2540 ren
131 2488 179 2545 Qut
197 2490 279 2549 muris,
297 2495 320 2537 et
340 2489 421 2537 tristes
432 2488 500 2548 serre
518 2495 593 2552 potest
635 2494 701 2542 Haec
717 2494 798 2556 prima
818 2493 909 2554 Elegia
924 2508 980 2541 cum
1000 2494 1119 2555 sequenti
1129 2494 1167 2541 ni·

55 2563 170 2628 punias.-
187 2565 261 2620 Quem
273 2564 336 2619 biber
347 2565 453 2613 assiduus
462 2566 538 2613 sicum
548 2570 594 2614 ter·
633 2570 668 2618 iiii
678 2570 745 2618 aliud
756 2577 814 2618 sunt
823 2584 899 2632 qnam
909 2577 1034 2631 excerpta
1043 2584 1075 2616 ex
1086 2571 1167 2632 piuri-

56 2645 115 2693 18
136 2640 211 2701 ioue,
229 2641 321 2691 Martio
340 2642 378 2690 cui
396 2644 595 2691 somnosciossicu
635 2645 681 2693 bus
694 2645 793 2707 elegiis.
826 2645 891 2692 ‘l'sm
913 2644 994 2691 muita
1016 2650 1088 2704 sunt,
1107 2658 1165 2706 qum

54 2716 234 2780 meuserit.
269 2716 335 2765 Num
356 2725 383 2764 ut
400 2718 448 2765 boc
464 2718 593 2766 distichon
635 2722 700 2769 maie
711 2721 851 2780 cobserent,
862 2718 1079 2782 quibusomuibns
1090 2733 1166 2782 opem

58 2793 112 2843 buc
122 2791 271 2842 traductum
288 2795 443 2841 sententiam
457 2794 521 2842 bene
534 2809 594 2842 con·
634 2794 703 2844 ferre
714 2810 764 2843 non
777 2809 921 2858 possumus.
940 2795 1004 2842 Sosi.

57 2870 154 2932 dunas,
165 2869 258 2928 itsibi,
275 2868 318 2916 ubi
338 2868 414 2916 hodie
435 2869 539 2932 iegitur,
550 2869 594 2918 ab·
667 2877 698 2920 69
718 2869 873 2933 Tespectem]
891 2871 972 2918 Recte
992 2883 1054 2930 ergo
1067 2862 1166 2932 superi·

57 2946 200 3010 rumpitur.
217 2945 292 2994 Idem.
634 2948 737 2994 orabuc
753 2944 923 3002 traduximus,
946 2958 1023 3005 quum
1043 2943 1087 2991 iiia
1106 2960 1164 2992 curn

38 3039 43 3046 ’
90 3026 124 3073 ⁶1
143 3020 232 3071 Pereat
247 3019 379 3083 potiusque]
402 3021 484 3068 Potius
500 3025 593 3082 pereut-
632 3018 928 3070 liisbeiieconveniant.
961 3017 1164 3079 Triumpbetiiie

57 3111 107 3165 pu
117 3096 186 3160 iege.
203 3095 285 3144 nisis.
633 3098 666 3146 de
678 3097 811 3157 Cilicibus,
821 3093 936 3157 quisquis
950 3098 1005 3141 est:
1025 3093 1085 3141 mibi
1097 3093 1165 3142 suffi-

91 3175 125 3223 56
142 3169 252 3233 Jupiter]
261 3170 397 3219 Sciendum
409 3178 450 3219 est
461 3170 591 3220 anitores
633 3174 679 3234 cit,
691 3173 712 3222 si
725 3179 750 3220 te
761 3178 887 3233 spectem,
908 3183 984 3232 qurum
1006 3168 1097 3218 ultimo
1109 3169 1164 3218 dies

56 3256 88 3300 et
100 3254 235 3298 catenatos
246 3253 273 3295 et
285 3246 444 3310 compeditos
463 3244 590 3306 fuisse,in
631 3250 692 3297 mibi
715 3247 825 3300 venerit.
868 3245 951 3296 Quum
980 3244 1046 3292 enim
1074 3258 1163 3293 verum

55 3321 201 3388 ipsosditu
214 3335 244 3370 sc
255 3320 383 3370 vestibulo
399 3321 470 3384 qussi
487 3321 512 3368 in
526 3334 591 3383 prae·
631 3325 666 3374 sit
685 3339 715 3373 es
735 3328 796 3386 spte
812 3328 840 3368 et
857 3334 889 3368 ex
906 3327 993 3369 mente
1010 3320 1095 3384 puie'tae
1113 3321 1163 3370 huc

55 3396 124 3450 sidio
142 3397 299 3458 couiocstos,
316 3396 360 3444 ubi
376 3396 590 3458 serviiiceiis,se
631 3399 754 3448 traducta
781 3409 848 3459 esse,
869 3409 920 3443 non
945 3395 1041 3444 attinet
1069 3395 1163 3447 dicere.

54 3472 589 3539 subcustodecuueeontentinectuntque
631 3477 705 3525 Iden.

55 3549 170 3601 interdiu
197 3550 275 3600 sitam
301 3549 473 3601 sedentariam
501 3550 588 3613 exige·
663 3555 695 3599 di
714 3547 962 3598 Tumanesrreiaede
973 3549 1163 3611 meosscdpurce

56 3633 135 3677 tent:
155 3623 233 3685 baud,
249 3631 309 3673 aute
330 3625 409 3686 pedes
431 3625 500 3688 quod
523 3633 590 3685 emt,
629 3626 712 3675 coistis
722 3621 843 3685 Crinibus]
860 3622 951 3671 Manes
964 3621 1059 3671 offendi
1076 3625 1163 3674 immo·

54 3700 247 3769 prospicientes
259 3700 350 3760 mod03
373 3698 417 3747 sed
436 3706 494 3763 post
510 3700 589 3748 etism
631 3702 722 3750 demto
733 3699 800 3748 iesso
816 3705 844 3747 et
856 3699 959 3761 planctu
972 3697 1080 3760 putebat
1090 3706 1162 3747 eete-

53 3775 245 3840 respicientem
264 3775 342 3824 credo
353 3790 385 3823 ne
398 3777 452 3840 quis
463 3774 590 3824 adventor
631 3791 686 3825 rum
698 3774 859 3837 superstitio,
870 3788 950 3839 quare
962 3781 989 3822 et
999 3773 1062 3823 iilud
1071 3774 1096 3822 in
1108 3788 1162 3822 mo·

53 3853 254 3925 grisionqnem
266 3851 422 3914 advenisset,
432 3851 588 3902 discederet.
631 3853 745 3902 nimento
755 3850 833 3898 incidi
840 3850 969 3914 jubebsnt
979 3867 986 3911 ς
997 3858 1025 3901 ut
1037 3851 1161 3902 Narbone

55 3928 134 3980 tracis
144 3929 195 3978 buc
207 3927 287 3977 ond.
299 3928 370 3976 iocus
386 3940 418 3975 ex
431 3928 500 3977 Fosi.
513 3942 532 3976 r.
546 3928 589 3976 ubi
631 3929 657 3976 in
670 3926 753 3974 veteri
764 3925 868 3991 lapide:

188 4037 289 4076 ...mnu
309 4037 482 4077 remunito.
499 4040 615 4077 neusin.
632 4037 773 4074 nesteros.
791 4034 882 4073 suurn

187 4116 313 4154 ...cerem
331 4116 372 4153 ιτ.
390 4117 488 4154 ricini.
506 4119 578 4155 vrrs.
596 4117 735 4154 necteris.
754 4115 808 4150 orn

186 4195 307 4236 ...nrum
326 4196 437 4233 uostris.
454 4198 595 4235 sscnsros.
611 4197 734 4235 muns.
752 4195 843 4235 ussus

122 4277 130 4298 ·
187 4277 293 4315 ...econ
312 4276 437 4313 unusne.
455 4278 545 4316 moes.
564 4279 605 4315 er.
624 4275 834 4315 conseruent.
854 4273 929 4312 noer.
964 4261 1036 4312 idern.

86 4382 119 4429 Ν
138 4376 265 4426 Inseruisse
276 4376 361 4443 ieret]
386 4377 587 4440 Nonestpiens
628 4378 702 4426 subsc
722 4390 789 4425 sere.
823 4372 1159 4439 Rememoramini).

52 4453 155 4507 sntio:
170 4449 200 4500 τδ
210 4451 282 4512 junci
294 4450 372 4499 etism
391 4460 451 4514 post
469 4451 499 4498 ei
515 4456 587 4516 pudet
627 4457 684 4502 28⁷.

51 4527 151 4595 frigide
170 4527 323 4576 inculcetur.
357 4526 420 4576 Non
443 4527 533 4578 dubito
554 4529 587 4578 sb
659 4533 689 4577 to
709 4527 760 4575 Hic
771 4524 991 4588 egoosxmitesque
1005 4525 1087 4589 bonu]
1104 4526 1157 4577 iiic

51 4601 246 4676 'elegentissime
259 4600 362 4657 'libello
378 4602 514 4673 scriptum,
525 4603 586 4655 isse-
627 4602 788 4671 ego,inquit,
799 4599 881 4651 bonus
897 4598 968 4649 miies
985 4613 1040 4665 ero,
1050 4602 1076 4651 'o
1088 4601 1158 4654 Mer·
