2760 5130
401 310 406 317 ι

610 435 615 442 ι

397 759 629 809 instructus
656 761 701 808 ar
724 763 891 812 runicis.
971 735 980 747 ’
1148 751 1192 816 8⁷

399 899 495 965 Idem
514 902 588 966 Lib.
606 919 684 966 xlv.
708 903 820 987 Epigr.
835 907 888 971 72.

98 1054 193 1119 Ussit
205 1062 387 1155 amatorem
404 1053 559 1120 Nemesis
573 1030 703 1120 lasciva
715 1056 899 1135 Tibullum,

142 1156 181 1219 ln
195 1161 266 1220 tota
276 1155 368 1239 juvit
382 1174 480 1240 quem
495 1156 577 1222 nibil
590 1177 665 1223 esse
680 1153 821 1223 domas

439 1338 478 1400 L.
494 1337 660 1421 Apuleius
674 1338 853 1422 Apologia.
916 1432 918 1435 Ι

140 1484 307 1553 Accuscnt
320 1524 363 1536 -
377 1494 412 1553 et
425 1488 610 1571 Tibullum,
625 1492 715 1575 quod
745 1493 776 1556 ei
798 1492 842 1556 sit
869 1490 1005 1556 Plautia
1019 1490 1051 1554 in
1067 1493 1188 1569 animo,

99 1587 199 1652 Delia
218 1589 252 1652 in
267 1609 376 1654 versu.

266 1771 305 1835 Ο.
320 1772 444 1838 Sollius
458 1773 615 1839 Sidonius
637 1766 845 1858 Apollinaris
864 1773 973 1839 Garm.
984 1776 1017 1841 9.

143 1918 221 1985 Non
235 1919 413 1987 Getulicus
427 1924 482 1987 bic
496 1924 557 1988 tibi
570 1925 703 2007 legetur,

140 2019 222 2085 Non
237 2020 382 2102 Marsus,
396 2022 502 2120 Pedo,
517 2024 632 2104 Silius,
643 2024 810 2090 Tibullus.
884 2018 892 2034 '

447 2202 542 2268 ldem
557 2203 605 2268 ad
619 2203 834 2287 Hesperium.
883 2272 887 2278 ,

139 2343 343 2422 Memineris,
374 2345 465 2428 quod
492 2365 585 2429 saepe
613 2365 746 2411 versum
777 2346 955 2429 complevit
981 2345 1081 2413 Delia
1110 2369 1186 2413 cum

94 2444 240 2511 Tibullo.

266 2593 450 2661 Diomedes
463 2596 709 2662 Grammaticus
728 2599 800 2663 Lib.
816 2615 868 2662 ιιι.
892 2618 968 2682 cap.
982 2601 1018 2664 6.

96 2729 101 2737 ¹
141 2746 242 2825 Quod
260 2765 367 2830 genus
395 2748 551 2814 carminis
576 2747 764 2835 (Elegiam)
790 2750 960 2833 praecipue
988 2734 1191 2831 scripserunt

94 2846 184 2931 apud
199 2846 371 2922 maenas
387 2850 580 2933 Propertius
594 2858 628 2917 et
641 2851 941 2948 Tibullus,imitati
953 2849 1094 2915 Graecos
1110 2847 1189 2912 Cal·

93 2949 274 3013 limachum
293 2953 329 3012 et
343 2949 632 3033 Euphormionem.

201 3130 348 3196 Joannes
363 3133 517 3219 Baptista
533 3135 617 3198 Pius
629 3133 754 3199 Annot.
776 3135 904 3198 Poster.
920 3130 1083 3214 cap.115.

138 3279 304 3365 Princeps
319 3280 493 3364 Elagorum
517 3282 694 3347 Poetarum
720 3289 774 3347 est
799 3281 900 3346 dubio
928 3280 1044 3365 procul
1066 3277 1188 3343 Albius

94 3379 261 3460 Tibullus,
284 3385 364 3466 quia
378 3403 464 3462 vera,
485 3404 553 3449 nou
569 3383 814 3449 dissimulanter
829 3388 888 3448 aut
902 3382 1061 3459 obnoxie,
1077 3399 1190 3444 aman·

93 3486 162 3545 tem
183 3484 269 3565 agit:
295 3483 396 3549 modo
414 3486 576 3566 superbit,
598 3484 699 3549 modo
722 3483 901 3566 supplicat,
923 3484 1050 3559 annuit,
1072 3483 1195 3574 renuit,

92 3584 244 3662 minatur,
267 3584 452 3663 intercedit,
484 3583 689 3667 dedignatur,
718 3584 868 3662 devovet,
892 3587 975 3660 orat,
998 3583 1190 3647 inconstans

93 3687 155 3759 est,
176 3682 267 3766 quod
295 3684 414 3762 voluit,
436 3702 506 3748 non
530 3686 617 3763 vult,
640 3684 732 3770 quod
758 3686 899 3769 optavit,
921 3682 1052 3765 refugit,
1074 3699 1189 3744 secum

93 3782 274 3862 dissidens,
288 3786 345 3849 ut'
336 3804 370 3848 ru
385 3804 463 3848 vera
478 3784 656 3869 Cupidinis
671 3790 745 3850 rota
758 3784 851 3850 illum
865 3785 1047 3865 circumagi
1037 3780 1189 3845 credas.

94 3883 175 3948 Non
200 3885 294 3950 deest
309 3891 419 3950 tamen
443 3885 476 3948 in
500 3891 592 3950 tanto
615 3886 729 3969 lepore
752 3885 927 3949 verborum
942 3902 1023 3947 suus
1037 3883 1133 3958 nitor,
1156 3889 1190 3944 et

92 3986 333 4051 reconditarum
354 3982 461 4052 rerum
477 3987 630 4069 cognitio.

308 4167 457 4251 Angelus
474 4168 661 4232 Politiauus
679 4168 809 4233 Nutric.
824 4186 876 4231 vs.
890 4167 966 4231 539.

225 4316 273 4381 Ut
287 4319 366 4382 tersi
381 4325 542 4384 memorat
558 4320 616 4402 pia
639 4318 739 4383 Musa
749 4316 890 4393 Tibulli,

591 4481 700 4532 Nom

387 4595 395 4620 ¹
414 4591 481 4641 Vide
491 4590 619 4642 'libullurn
632 4590 688 4642 Lib.
700 4605 719 4640 1.
733 4589 805 4652 Elep.
822 4595 846 4640 t.
856 4593 895 4639 ³0.
