2760 5130
133 736 180 802 24
300 735 305 742 '
545 749 634 796 vrrs
659 747 826 798 drauum.

135 913 207 957 rum
221 889 389 957 laboribus
413 888 541 972 optime
564 891 725 966 meritum,
749 888 792 952 ad
815 905 914 969 quem
937 885 1092 951 laudibus
1115 904 1233 951 oroan-

135 995 215 1059 dum
229 993 349 1076 reliqui
364 990 481 1055 Poste
490 991 637 1074 undique
647 992 799 1055 certatim
813 989 1039 1066 accurrebant,
1052 1008 1072 1052 a
1083 987 1231 1067 Tibullo,

134 1102 293 1178 tauquam
308 1093 489 1176 iudignum,
510 1110 647 1176 prorsus
669 1091 842 1167 omissum,
869 1096 903 1154 et
928 1096 1088 1173 quantum
1103 1089 1232 1171 inipso

134 1200 218 1271 erut,
235 1195 401 1259 oblivioni
415 1193 572 1260 traditum
582 1201 612 1256 :u
633 1194 678 1256 ob
693 1192 819 1266 odium,
834 1191 945 1266 credo,
970 1190 1104 1273 Equitis
1114 1189 1231 1266 nostri,

136 1304 170 1359 et
182 1315 369 1372 moerorem,
385 1315 463 1379 quo,
486 1293 625 1376 direptis
640 1293 750 1368 bouis,
766 1292 1012 1355 conficiebatur.
1057 1289 1137 1353 Non
1151 1287 1230 1353 ideo

136 1403 248 1461 tamea
263 1398 307 1461 ad
323 1416 483 1461 summam
497 1396 650 1478 inopiam
663 1393 821 1458 redactus
834 1399 905 1458 est:
929 1392 989 1455 sed
1014 1391 1064 1455 illi
1084 1390 1230 1472 benigno

136 1518 270 1582 semper
284 1497 394 1580 Copia
417 1516 520 1562 como
541 1496 783 1580 suppeditavit,
801 1493 888 1560 unde
909 1493 1031 1558 samem
1054 1492 1231 1574 despicere

136 1606 273 1680 possets
317 1598 402 1663 Ruri
417 1603 507 1664 certe
520 1599 627 1662 vitam
641 1614 740 1678 agere
762 1594 937 1670 decrevit,y
959 1594 1016 1657 ubi
1039 1598 1184 1656 remotus
1210 1610 1233 1655 u

137 1700 274 1782 strepitu
289 1718 398 1764 rerum
420 1701 616 1764 urbanarum
638 1698 813 1762 ‘salubres
833 1698 917 1760 iuter
941 1696 1069 1779 sylvas⁸
1090 1694 1233 1776 Epicuri

135 1805 285 1884 reptaret,
302 1806 496 1886 nutaretque
519 1822 579 1885 per
601 1801 703 1867 otium
718 1799 876 1885 quioquid
889 1799 1043 1880 sapiente
1056 1795 1232 1880 bonoque?

628 1948 735 2001 NOTAE

167 2059 180 2086 ·
196 2050 246 2103 His
254 2053 544 2119 argumentisssilentlo
552 2062 580 2106 et
588 2056 663 2105 ornis·
704 2052 839 2115 diffitetur,
849 2053 882 2102 de
894 2050 1005 2116 somnos,
1014 2050 1036 2101 si
1047 2064 1099 2100 oon
1113 2051 1194 2115 laum,
1205 2054 1233 2101 at

135 2129 208 2179 sione
226 2131 315 2194 petitis
334 2145 473 2196 nunquam,
496 2139 525 2182 ut
546 2146 663 2196 magnam
703 2144 752 2181 nec
763 2130 836 2180 tenui
848 2137 875 2179 et
883 2129 1017 2192 despecta,
1026 2127 1078 2177 dici
1089 2129 1186 2178 solers:
1197 2123 1234 2178 ee

135 2204 213 2255 tidem
225 2205 375 2269 tribuerem,
384 2207 471 2257 induci
483 2208 567 2271 potui.
600 2208 664 2260 Quis
704 2206 819 2256 Bruulrb.
837 2205 870 2255 ad
888 2220 912 2254 e.
929 2205 946 2254 l.
980 2205 1015 2254 Et
1038 2201 1163 2267 praedium
1183 2202 1233 2254 sibi

135 2281 202 2329 euim
214 2279 330 2344 definiat,
339 2283 396 2347 quis
405 2291 497 2347 status,
507 2299 563 2349 que
576 2283 663 2333 condi·
704 2279 793 2343 fuisse,
816 2281 913 2330 Noster
934 2280 988 2342 ipsc
1009 2286 1120 2327 testatur
1141 2278 1233 2326 eadem

136 2355 172 2404 tio
185 2369 269 2404 rerum
280 2356 376 2406 Tibulli
387 2357 475 2421 fuerit,
487 2366 517 2409 ut
533 2360 597 2410 nibil
613 2360 664 2423 ipsi
705 2358 804 2421 Elegia,
812 2356 882 2421 (crat
894 2369 954 2405 reru
964 2353 1060 2403 illudio
1070 2353 1233 2416 regiuuePe·

135 2446 294 2497 magnopere
316 2435 414 2497 negotii
437 2450 495 2485 cum
518 2436 663 2487 Octaviano
705 2432 781 2495 dnos,
797 2433 846 2481 boc
864 2439 913 2491 est,
931 2431 957 2478 in
975 2445 1006 2479 eo
1022 2430 1078 2479 loco
1090 2429 1176 2487 situm,
1188 2427 1234 2478 ubl

134 2508 325 2559 intercederet?
344 2510 387 2571 Et,
405 2509 427 2559 si
446 2511 601 2573 intercessit,
618 2522 665 2561 cor
705 2509 765 2558 olim
792 2508 902 2569 Pedum,
929 2505 1078 2555 Latinorum
1101 2501 1234 2566 oppidum,

136 2589 276 2646 propterea
298 2584 461 2636 Carminibus
488 2587 576 2637 statim
603 2602 662 2637 earn
705 2584 800 2648 fuerat,
821 2583 932 2632 medium
953 2583 1022 2630 inter
1045 2581 1178 2629 Praeneste
1204 2583 1234 2628 et

135 2659 268 2708 celebrere
284 2660 390 2711 debuit?
407 2662 450 2712 lta
465 2665 544 2713 etiam
560 2663 664 2714 mirabi·
690 2659 798 2710 -diburr
810 2659 934 2709 aflerat.
942 2670 961 2705 ι.
971 2656 1056 2719 Epist.
1064 2659 1087 2704 t.
1095 2659 1119 2703 2.
1127 2652 1237 2718 ctAyr·

135 2747 202 2796 mur,
218 2748 265 2783 cur
280 2736 454 2787 Maecenatem
468 2752 519 2788 non
539 2754 664 2789 memora·
703 2749 771 2785 man.
782 2738 805 2799 t.
817 2740 842 2785 9.
855 2733 906 2797 lb.)
921 2739 949 2782 et
966 2730 1069 2797 quidem
1088 2736 1235 2793 paternum,

136 2800 220 2858 verit?
238 2810 331 2860 Otiose
346 2819 374 2862 et
391 2814 472 2863 laenis
487 2815 609 2878 questio!
628 2817 665 2866 Et
703 2813 756 2863 sire
776 2812 889 2872 avitum3
905 2824 964 2859 naru
976 2823 996 2858 1.
1007 2813 1030 2858 3.
1041 2814 1065 2858 t.
1083 2808 1234 2871 ‘antiquum

137 2890 223 2934 tamen
236 2886 262 2934 in
272 2886 312 2935 bis
321 2885 371 2936 sibi
381 2889 485 2951 placent
495 2889 545 2937 riri
556 2884 625 2940 docti
637 2897 664 2940 et
704 2889 815 2951 Larem,'
832 2895 891 2938 etr.
904 2890 942 2936 10.
956 2892 995 2936 lb.
1011 2885 1126 2949 ‘patrios
1139 2887 1233 2934 Lores'

136 2960 241 3008 nimium
263 2968 388 3026 quantum
408 2971 573 3026 argutantur·
611 2966 665 3028 Sic,
704 2969 839 3015 memorat.
872 2963 910 3012 En
929 2976 970 3011 res
987 2960 1013 3009 io
1029 2975 1109 3010 novas
1125 2957 1236 3009 difficol-

137 3049 183 3084 eur
203 3043 291 3085 noster
311 3037 458 3101 Horatium,
476 3054 493 3089 s
512 3055 563 3105 qno
579 3047 665 3090 tamen
706 3048 774 3091 tates
786 3037 911 3088 induebat
920 3037 1125 3102 Ayrmaunumt.
1135 3041 1176 3085 18.
1189 3036 1235 3101 qui

137 3117 166 3159 et
182 3111 260 3162 Oden
275 3121 303 3162 et
314 3114 457 3178 Epistulam
469 3115 501 3164 od
512 3115 596 3180 ipsum
608 3117 666 3166 mis·
706 3115 791 3165 omnia
808 3115 856 3179 ipsi
874 3116 939 3164 bona
956 3112 1151 3178 proscriptionis
1169 3119 1236 3162 teut-

137 3186 518 3249 samlegimus,aullocarmiue
527 3193 666 3251 ornaverit,
707 3206 771 3256 pore
792 3200 882 3255 erepta
906 3189 984 3240 fuisse
1009 3190 1236 3254 pronuntiaverat·

138 3260 238 3308 coriooe
250 3270 378 3325 quaeruut,
389 3269 417 3312 et
428 3265 534 3314 tandem
545 3280 578 3315 eo
588 3266 667 3316 dere·
707 3269 753 3317 Eas
766 3274 852 3317 tamen
861 3267 938 3316 nollae
947 3265 1047 3327 sunt,si
1054 3264 1118 3313 illud
1126 3263 1236 3327 cogites,

138 3336 222 3399 niont,
240 3345 269 3386 ot
288 3341 371 3389 molta
391 3340 459 3390 baud
477 3342 555 3394 dubie
573 3344 666 3395 Tibulli
708 3349 810 3407 partem
832 3343 855 3391 ei
881 3348 983 3391 tantum
1005 3340 1130 3390 bonorum
1152 3338 1235 3389 fuisse

137 3411 245 3475 periisse
257 3415 354 3476 tragice
366 3414 522 3468 declament.
555 3419 628 3469 Idem
639 3420 667 3470 in
708 3420 847 3480 ademtam,
856 3425 931 3481 parte
942 3417 1043 3466 relicta.
1061 3414 1113 3463 vid.
1125 3429 1145 3463 1.
1158 3415 1233 3479 Eleg.

138 3485 385 3540 aliist'ecerantalii.
418 3492 667 3556 VirgiliumdeHo·
708 3501 732 3545 l.
744 3499 783 3546 1⁰.
810 3494 993 3558 ltaqueetiam
1011 3491 1126 3541 ‘occisos
1142 3489 1234 3556 agros’

137 3563 212 3626 ratio,
223 3578 239 3612 s
250 3578 300 3629 quo
312 3565 366 3629 ipse
379 3567 515 3631 aliquoties
527 3570 666 3623 honorifice
707 3571 795 3635 legere
805 3570 891 3620 malim
903 3582 941 3618 ιν.
951 3573 973 3617 l.
985 3572 1041 3617 18⁰.
1215 3562 1219 3568 ’

139 3640 296 3704 appellatur,
307 3642 383 3704 plane
391 3643 453 3692 nibil
462 3660 613 3710 memorare,
622 3650 667 3698 mi.
740 3644 862 3694 trimore
881 3645 942 3693 vita
958 3642 1071 3698 rustica,
1089 3643 1236 3707 tranquillas

141 3725 232 3766 rantur
243 3717 365 3789 nonnulli,
375 3725 404 3768 st
414 3718 470 3768 sere
488 3721 666 3786 indignanturr
707 3720 776 3771 illius
793 3727 822 3770 et
838 3733 945 3778 securoe,
962 3718 995 3767 ab
1012 3717 1081 3767 omui
1091 3717 1237 3781 cupiditate

140 3791 198 3841 lieri
217 3793 319 3842 omnino
337 3807 390 3843 uon
410 3809 494 3858 posse,
515 3796 615 3862 dicunt,
637 3805 668 3850 ut
707 3806 736 3845 et
751 3795 889 3845 ambitione
908 3794 1009 3851 diense,
1024 3806 1083 3841 eum
1102 3792 1236 3855 precipue

139 3868 248 3916 amicum
265 3882 337 3917 suum
349 3869 452 3918 silentio
463 3874 668 3933 praetermiserit.
707 3871 814 3921 ductum
825 3870 913 3933 foisse,
923 3884 956 3917 ex
967 3869 1038 3919 nullo
1048 3882 1100 3918 uun
1111 3869 1166 3931 ejus
1175 3869 1239 3919 cn·

141 3942 210 3995 Quid
227 3944 322 3993 molta?
339 3943 443 3994 Invenit
453 3960 514 3996 ecce
526 3947 574 3996 tibi
586 3963 668 4013 nuper
707 3949 901 4012 minenpparet.
926 3946 994 3995 Huic
1003 3944 1083 3994 amori
1094 3959 1140 3993 uos
1152 3958 1238 4008 aequa·

141 4017 358 4079 ingeniosissimus
376 4019 526 4083 Britannos,
539 4023 669 4090 Orrerius,
707 4025 836 4074 bilitatem
849 4024 917 4071 illam
929 4029 957 4070 et
972 4020 1164 4085 simplicitatem
1177 4021 1237 4071 Ele·

140 4094 325 4163 illustrissimus
336 4096 436 4158 Coma,
452 4097 478 4146 iu
495 4099 618 4162 Epistolis
634 4101 668 4151 ad
709 4101 807 4163 giorum
817 4100 906 4147 barum
917 4097 1013 4146 debere
1024 4103 1096 4159 puto.

141 4166 220 4215 filiurn
235 4183 318 4226 suum,
329 4170 469 4234 etquidem
482 4187 569 4223 earum
582 4188 668 4228 xxrrr.
741 4183 751 4208 ⁸
767 4174 856 4224 Habet
866 4174 913 4222 boc
923 4172 1072 4235 Vulpiusex
1082 4171 1239 4235 interpreta-

142 4244 279 4293 Horatium
298 4246 668 4310 iuCretbeo,AEn.1x.ttt.
710 4251 778 4299 tione
800 4248 955 4297 Broolrbusii
975 4253 1002 4296 et
1021 4247 1129 4295 oliorum
1149 4262 1238 4298 versus

142 4333 198 4380 sqq.
211 4322 243 4368 de
256 4336 305 4384 quo
317 4323 469 4373 eoi'eredici
481 4326 601 4389 putabet,
611 4344 667 4392 quas
710 4326 812 4376 Horatii
829 4338 848 4375 1.
867 4325 950 4387 Epist.
968 4327 991 4371 t.
1002 4326 1026 4371 t.
1050 4321 1107 4370 ‘Au
1129 4322 1236 4371 taciturn

144 4391 246 4442 Horatii
265 4397 395 4459 ingenium
410 4407 438 4448 et
454 4400 564 4451 indolem
583 4405 669 4468 expri-
709 4404 792 4466 sylvas
804 4402 872 4450 iuter
883 4406 986 4462 reptare
998 4397 1122 4457 salubres,
1138 4398 1237 4447 Curan-

143 4477 252 4516 mefessl·
710 4486 773 4539 tem,
783 4475 902 4541 quicquid
914 4474 1017 4535 dignum
1030 4472 1146 4534 sapiente
1159 4472 1238 4522 bonu·

176 4544 270 4591 ¹⁴llide
292 4561 310 4595 ι.
336 4550 408 4612 Elcg.
428 4556 450 4600 l.
471 4561 536 4604 extr.
571 4557 670 4608 Notum
710 4551 828 4619 queest!
855 4550 906 4600 Sed
919 4551 963 4597 lias
975 4548 1060 4611 sylvas
1072 4562 1116 4596 cur·
1129 4549 1236 4611 Epicuri

144 4628 415 4688 paupertatemquam
424 4629 671 4684 Nosterr.l.b.uon
710 4634 809 4685 fociant
819 4632 867 4682 riri
879 4630 948 4681 docti
965 4642 1068 4677 cauum
1083 4640 1133 4678 uou
1152 4627 1235 4678 rideo·
