2760 5130
377 1204 598 1296 ALBII
660 1202 989 1294 TIBULLI

455 1538 622 1616 LIBER
640 1536 905 1626 QUARTUS·

506 2029 510 2037 ’
554 2050 759 2118 csuuuu
783 2029 812 2115 1'.

135 2195 214 2301 Tu,
230 2221 390 2302 Messala,
406 2243 533 2290 cunum.
578 2223 783 2310 Quanquam
798 2242 852 2287 me
866 2223 1000 2306 cognita
1015 2221 1120 2287 virtus

168 2383 194 2434 0
212 2385 326 2451 Massia,
343 2392 367 2437 te
384 2386 512 2438 celebrabas
527 2390 574 2439 etsi
591 2405 628 2439 sse
645 2395 691 2439 tna
710 2389 787 2439 sistus
807 2387 924 2438 omnibus
940 2391 1047 2450 specim
1065 2387 1181 2449 mma,
1204 2398 1234 2436 ss

596 2517 772 2538 mmm

168 2593 267 2645 ‘Pauci
277 2593 414 2645 admodum
426 2595 503 2646 codd.
515 2596 609 2647 librum
619 2595 716 2646 'l'ibuill
730 2601 859 2658 quartum,
875 2592 1032 2658 interposite
1049 2591 1137 2656 sliuun
1149 2592 1235 2656 titulo,

137 2670 165 2707 se
185 2666 259 2708 arsut
270 2672 285 2706 a
297 2659 385 2719 tertie,
393 2661 418 2708 iu
428 2661 521 2723 quibus
532 2669 594 2710 estut
607 2660 658 2708 duo
672 2657 768 2709 Guelff.
785 2667 812 2709 et
823 2660 895 2722 Lips.
911 2659 955 2723 qui
963 2659 1028 2706 benc
1038 2657 1235 2719 inscriptionem

136 2721 169 2770 ln
204 2722 301 2783 uAlbs'i
314 2723 562 2773 'libellilibsrtsrtiss
572 2724 685 2785 explicit:
700 2723 786 2786 incipit
804 2725 910 2779 strtu
927 2722 978 2771 luas
993 2721 1159 2770 indimissa.
1192 2720 1235 2770 ile

136 2784 197 2833 Per.
209 2786 507 2836 nutariteruditissimus
525 2786 639 2836 Bardili:
658 2787 755 2850 Elegia
773 2786 899 2851 Lygdami
918 2801 976 2835 curu
995 2785 1120 2848 Epistolis
1140 2784 1236 2834 Tibulli

136 2848 277 2911 arborem,
285 2865 414 2916 unumque
429 2853 454 2899 in
465 2851 522 2901 ced.
533 2850 625 2899 librum
634 2848 782 2909 conficiunt,
793 2850 948 2913 interposite
956 2849 1024 2898 inter
1036 2857 1161 2913 utresque
1171 2847 1235 2898 Cet·

136 2912 204 2962 mine
216 2915 416 2965 sdbiessslsm..
440 2913 515 2965 Idem
531 2914 662 2964 dissidium
681 2920 723 2963 est
737 2914 806 2964 inter
823 2914 902 2964 libros
919 2913 1011 2962 editos.
1045 2912 1114 2961 Nasu
1134 2911 1176 2961 ed.
1193 2927 1235 2976 pr.

136 2976 197 3026 niu.
208 2986 237 3028 et
247 2979 353 3031 Veuett.
365 2994 423 3030 cum
434 2980 577 3030 comment.
588 2979 655 3044 Cyli.
675 2985 794 3042 quartum
812 2978 906 3028 librum
926 2978 1005 3027 tertio
1026 2976 1179 3026 continuum
1189 2989 1235 3026 ex·

136 3041 225 3091 bibent
243 3043 295 3108 (lue
306 3045 362 3094 siue
373 3046 461 3106 titulo,
473 3045 517 3093 ille
527 3058 585 3094 cum
598 3042 673 3093 titulo
683 3042 723 3092 At
735 3043 870 3106 Messuluss,
889 3042 965 3105 plene
977 3047 1006 3091 ut
1021 3040 1047 3088 iu
1059 3038 1173 3103 Baitai.)
1191 3039 1234 3093 eti·

137 3120 179 3169 pr.
191 3109 250 3170 maj.
264 3108 356 3159 Venet.
366 3114 390 3160 2.
401 3110 505 3159 vicent.
515 3117 544 3157 et
553 3108 637 3170 Rbeg.
656 3107 765 3155 aiterum
782 3106 876 3156 librum
896 3106 929 3155 sb
941 3105 1024 3155 altero
1035 3103 1075 3152 bis
1089 3103 1176 3153 serbis
1186 3103 1236 3153 dis·

136 3178 257 3231 cernunt,
270 3173 309 3221 De
323 3174 430 3221 laudibus
441 3173 550 3221 Menenia
560 3171 633 3219 Liber
644 3170 714 3220 1111.
732 3171 813 3232 Rbeg.
835 3170 956 3233 ascripsit
966 3170 999 3218 V.
1011 3169 1047 3217 Ι).
1064 3168 1072 3195 ‘
1086 3167 1149 3217 viss
1159 3175 1234 3219 retas

137 3234 222 3282 saltim
233 3240 287 3283 tres
296 3235 392 3283 'libulli
403 3234 482 3284 libros
501 3235 635 3298 agnoscit:
660 3239 689 3283 et
699 3233 822 3283 ridentur
832 3236 910 3282 tertio
929 3231 1085 3296 injicienda,
1096 3245 1234 3295 quantine

136 3303 254 3407 firmum
267 3296 374 3358 stipant.
409 3299 501 3360 Neque
513 3312 574 3346 vern
585 3298 671 3362 omnis
682 3304 743 3347 suut
751 3298 861 3347 Tibulli!
879 3298 944 3347 Qua
957 3297 1089 3360 pertinent
1101 3296 1135 3344 ud
1147 3296 1233 3344 Vitem

160 3358 242 3418 ibulli,
258 3360 317 3409 hnic
329 3360 378 3409 Ed.
391 3360 532 3423 praelixam.
566 3361 607 3410 lbi
617 3362 685 3410 euim
705 3362 835 3411 interulis
852 3362 907 3409 lraec
925 3362 1065 3422 leguntur:
1081 3359 1233 3422 ‘Epistulas

136 3420 273 3471 l'smiiiares
281 3424 313 3471 sd
324 3425 418 3473 anricus
430 3427 577 3488 cumplures
588 3432 615 3474 et
627 3426 796 3475 delectabiles
807 3433 891 3475 metro
902 3432 1021 3486 et'pross
1031 3423 1115 3472 dedit.
1140 3423 1233 3473 Libras

136 3493 224 3535 sutem
238 3493 290 3536 tres
302 3489 424 3537 amaturis
433 3489 467 3539 de
479 3505 507 3538 re
519 3504 590 3539 susm
602 3489 634 3538 ad
645 3489 750 3539 Deliam
768 3490 890 3552 Elegiaco
907 3498 989 3536 metro
1006 3487 1120 3549 scripsit.
1154 3488 1234 3541 Plere

136 3563 188 3599 nou
199 3551 334 3614 scripsisse
344 3551 459 3602 Tibullus
471 3552 644 3603 memoretur!
677 3553 728 3602 Ubi
745 3555 869 3604 notabilis
885 3553 893 3581 ‘
905 3552 1034 3616 Epistulas
1046 3550 1189 3600 sensilisres
1199 3549 1232 3601 sd

137 3613 242 3671 Amicos
251 3619 266 3674 ς’
281 3615 353 3664 cu'us
365 3617 468 3678 generis
478 3631 552 3666 unam
565 3625 593 3667 et
604 3618 711 3666 niteram
722 3619 829 3681 legimus
839 3618 904 3666 libro
914 3617 1002 3677 tertio,
1020 3615 1118 3663 nuttam
1131 3621 1232 3679 queres.

137 3678 291 3742 Quanquam
303 3631 411 3728 &ermen
424 3681 532 3743 primum
544 3682 570 3731 in
583 3682 658 3730 wtst.
671 3685 694 3730 1.
704 3682 864 3740 inscribitur,
875 3681 984 3743 Epistola
995 3680 1022 3728 is
1032 3681 1114 3728 indes
1125 3678 1233 3728 Musio

139 3742 237 3791 Coruini
252 3744 344 3793 bernice
361 3744 471 3794 eumue.
503 3745 572 3793 Vide
591 3744 660 3793 infra
679 3745 711 3794 sd
732 3746 975 3795 intrinsecarum
1001 3744 1042 3792 De
1054 3743 1103 3793 boc
1114 3743 1233 3792 Camino

136 3806 224 3870 Vulpii
232 3807 357 3870 judicium
370 3822 453 3857 meum
465 3807 549 3858 fecie:
565 3810 704 3858 ‘Fortssse
715 3808 805 3858 Albius
816 3818 913 3868 nester,
931 3812 974 3858 uix
994 3807 1133 3870 pueritiam
1148 3821 1233 3870 egres·

137 3883 189 3931 sus,
199 3871 249 3921 lrcc
261 3872 350 3934 pn'e'ms
362 3872 623 3935 composuiuviribus
642 3873 725 3922 adlrrm
737 3874 852 3934 infirmis,
864 3876 940 3923 utait
957 3875 1011 3936 ipse
1023 3871 1105 3922 dese.
1140 3872 1233 3922 tauns

138 3939 223 3984 umen
234 3935 320 3985 omnis
331 3945 391 3985 suut
403 3936 428 3985 in
441 3936 584 4000 hujusmodi
597 3936 752 3998 rudimento,
760 3938 793 4002 (si
803 3938 975 3986 rudimentum
987 3935 1039 3999 est)
1047 3952 1079 3986 ae
1090 3936 1232 4000 purissimo

137 3997 240 4062 quidem
259 3999 417 4062 latinitatis,
440 4016 497 4065 quse
519 3999 655 4051 manifesto
676 4003 771 4050 clamet
797 4002 966 4063 Augustaeum
987 3999 1163 4065 (Arrgusteum
1192 3999 1232 4050 rel

137 4062 223 4124 petius
241 4062 398 4127 Augustum)
409 4064 473 4113 iilud
483 4065 584 4114 sevum!
616 4063 668 4113 Sed
687 4066 795 4114 Carmen
815 4067 907 4114 urisere
926 4073 953 4114 et
973 4072 1123 4128 corruptum
1146 4070 1232 4114 estet

138 4140 198 4175 vero
217 4127 296 4176 etism
317 4128 509 4192 interpolatum,
533 4129 674 4191 presertim
698 4130 803 4177 circiter
827 4129 915 4189 finem,
933 4129 976 4177 ubi
1001 4142 1091 4177 uersus
1112 4130 1233 4194 leguntur

82 4247 85 4250 ‚
136 4189 391 4256 (tet-ruuffibutto
414 4206 519 4256 prorsus
540 4191 655 4254 indigui.r
672 4192 781 4241 Huscbk.
809 4193 874 4242 Inus
895 4193 1013 4242 Messalloe
1032 4194 1184 4244 inscribitur
1205 4194 1231 4242 in

632 4334 737 4389 NOTAE

171 4453 183 4497 l
199 4449 240 4512 Te,
250 4448 366 4512 Messeis]
378 4448 418 4498 Ad
429 4450 565 4500 Messalam
576 4450 660 4499 Pene-
702 4464 810 4515 quorum
822 4452 896 4514 plura
908 4451 992 4499 vocari
1003 4451 1088 4514 potius
1099 4453 1233 4518 Epignm-

138 4522 254 4585 gyrlcunr
275 4538 334 4574 cum
352 4525 504 4591 quibusdam
530 4524 664 4588 Elegidiis‚
702 4532 771 4575 mata
793 4527 926 4588 convenit,
946 4525 1044 4575 Tibulli
1071 4536 1180 4591 quurtus
1203 4541 1230 4582 et
