2760 5130
195 751 239 817 18
426 761 564 810 inrisit.
587 763 620 807 G.
644 758 828 812 HUSGHKH
852 760 1056 809 remunito.

196 917 207 948 ‘
222 909 425 975 Concessum
436 903 529 968 nulla
541 902 613 985 lege
624 901 745 965 redibit
758 901 838 967 iter?
868 901 999 982 Quodsi
1014 921 1116 968 casus
1128 904 1175 967 ita
1188 903 1286 971 tulis-

195 1017 260 1088 set,
283 1015 320 1075 ut
343 1005 508 1081 librarius,
529 1004 588 1088 qui
610 1003 770 1069 codicem
792 1003 956 1087 Propertii
982 1005 1147 1082 exaravit,
1170 1024 1193 1070 a
1216 1027 1285 1090 que

193 1111 312 1196 reliqui
325 1109 508 1182 manarunt,
520 1123 580 1189 pro
603 1109 613 1139 ‘
628 1103 732 1169 elata'
747 1113 917 1188 reponeret
937 1104 1286 1174 ‘ablata-nonnulli

184 1234 276 1296 ,sane
298 1207 451 1275 ‘deleta'
480 1206 770 1283 intulerunt-nec,
798 1205 879 1289 qnid
903 1206 957 1271 hio
982 1207 1164 1289 scripserit,
1184 1207 1285 1274 hodie

194 1317 362 1391 sciremus,
389 1331 449 1377 nec
474 1328 540 1393 quo
562 1309 662 1372 modo
691 1306 905 1389 corrigendus
930 1307 975 1372 sit
1002 1306 1172 1373 Manilius.
1229 1309 1286 1376 Ita

194 1418 384 1502 plerumque
408 1430 514 1497 prava
539 1412 638 1475 unius
659 1410 724 1475 loci
754 1407 939 1475 emendatio
968 1409 1167 1492 contagione
1190 1410 1287 1476 ledit

193 1521 333 1584 alterum
357 1515 492 1580 alterius
514 1511 684 1595 scriptoris
697 1511 820 1588 locum,
835 1516 871 1574 et
891 1510 999 1575 omnis
1015 1511 1174 1594 paulatim
1197 1512 1286 1576 anti-

194 1618 331 1702 quitatis
353 1616 444 1681 color
457 1614 550 1698 perit.
595 1612 648 1676 De
661 1629 729 1695 quc
742 1611 796 1675 vel
818 1612 869 1677 sic
885 1617 996 1677 actum
1017 1610 1115 1690 soret,
1130 1611 1196 1677 nisi
1211 1618 1285 1678 tan-

88 1733 90 1738 ·
193 1721 270 1784 dem
288 1716 434 1783 librariis
459 1731 592 1780 manum
614 1712 784 1797 injecisset
805 1732 867 1777 suo
891 1719 1040 1796 ternpore
1064 1713 1285 1780 interveniens

193 1816 469 1902 chalcographia.
498 1813 592 1878 Nihil
604 1813 692 1879 enim
705 1818 773 1878 ianr
782 1815 945 1880 insulsum
964 1814 1146 1896 excogitari
1159 1821 1284 1898 potest,

193 1920 285 2004 qnod
300 1938 377 1997 non,
388 1915 574 2001 praesertim
587 1914 718 1980 circiter
737 1915 870 1980 natales
882 1915 1004 1982 divina
1015 1914 1116 2000 hujus
1131 1915 1236 1994 Artis,
1250 1918 1285 1982 in

191 2019 319 2087 Tibulli
330 2018 539 2098 aliommque
549 2016 747 2097 scriptorum
755 2021 967 2080 monumenta
976 2015 1147 2082 intulerint
1157 2016 1285 2083 librarii

192 2130 227 2186 et
239 2118 506 2203 interpolatores,
522 2135 665 2200 quorum
677 2135 803 2182 errores
815 2117 996 2196 confutare,
1007 2122 1042 2182 et
1056 2116 1179 2195 videre,
1199 2120 1283 2203 quid

192 2226 226 2288 in
240 2220 303 2286 hac
327 2220 498 2285 verborum
518 2217 711 2284 confusione
734 2219 923 2296 resumsit,
945 2219 1027 2303 quid
1042 2218 1175 2298 falsum,
1201 2220 1284 2303 quid

191 2324 298 2401 futile,
313 2321 395 2406 quid
405 2339 482 2400 non,
496 2339 552 2385 res
566 2327 619 2383 est
629 2317 772 2385 difficilis
788 2327 821 2386 ct
835 2321 986 2385 immensi
997 2320 1132 2385 laboris.
1176 2319 1284 2405 Cujus

193 2424 241 2488 rei
254 2422 446 2488 facultatem
455 2426 493 2486 nt
502 2439 704 2504 assequerer,
717 2422 835 2504 opteri
849 2420 981 2504 quidem
994 2440 1146 2503 semper;
1170 2440 1214 2486 an
1228 2441 1285 2487 as-

193 2532 330 2590 secutus
345 2524 419 2601 sim,
430 2521 570 2586 viderint
584 2521 652 2586 alii.
697 2520 803 2586 Modo
826 2523 935 2588 absint
947 2540 1104 2588 censeres
1118 2523 1206 2588 male
1216 2529 1284 2589 tor·

192 2628 272 2704 neti,
286 2625 345 2709 qni
368 2623 527 2689 ‘fatales’
553 2623 669 2688 Critici
684 2623 751 2689 dici
773 2623 1089 2715 haberiquevolunt,
1111 2624 1285 2710 (Heynine

194 2734 204 2763 ‘
220 2726 370 2792 vocales'
385 2724 467 2790 dicit
477 2725 511 2789 in
525 2744 562 2788 re
577 2726 721 2790 literaria
735 2730 746 2761 ‘
759 2724 882 2798 boves'
895 2725 939 2790 ed
950 2723 1119 2790 Tibullum
1132 2742 1172 2790 11.
1186 2729 1218 2791 a
1228 2723 1283 2793 ta

192 2833 203 2864 ‘
220 2829 370 2910 Fataque
385 2827 523 2891 vocales
531 2827 774 2909 praemonuisse
788 2824 912 2910 deos,')
925 2828 988 2911 qni.
997 2827 1133 2892 oracula
1146 2826 1285 2895 munite

191 2928 287 2994 libris
300 2925 489 3005 reconditis,
503 2945 590 3010 qnos
603 2947 710 3005 nemo,
725 2935 846 3011 praeter
855 2929 944 3006 illos,
960 2928 1055 3006 vidit,
1067 2946 1100 2993 ν.
1112 2949 1144 2994 c.
1157 2946 1202 2994 ex
1214 2929 1285 2996 edi·

191 3031 282 3096 tione
306 3027 497 3094 Carminnm
518 3028 736 3093 Belbinorum
761 3027 918 3093 Retneria
941 3048 1017 3093 oum
1039 3028 1283 3096 Commentario

192 3131 351 3208 Sentenii,
374 3129 432 3194 vel
456 3130 560 3194 etium
584 3149 627 3194 ex
656 3128 856 3213 Appendice
884 3128 994 3197 Scotti
1023 3127 1124 3208 edita,
1151 3131 1181 3195 si
1204 3131 1283 3196 Diis

192 3231 314 3314 placet,
324 3249 393 3295 una
406 3248 479 3294 cum
496 3230 544 3294 H.
558 3229 720 3314 Stephani
734 3229 905 3295 Thesauro
919 3229 978 3297 Gr.
990 3227 1030 3294 L
1042 3231 1132 3314 quod
1147 3232 1284 3298 menda·

191 3331 282 3395 cium
295 3337 365 3393 tam
376 3348 487 3394 verum
500 3336 564 3406 est,
577 3349 678 3412 quam
691 3329 789 3415 siqui
803 3330 884 3397 velit
895 3331 1015 3411 dicere,
1023 3333 1153 3416 magico
1167 3352 1283 3399 susur-

191 3431 315 3495 ramine
330 3448 443 3494 amnes
465 3431 570 3513 agiles
590 3431 717 3511 reverti,
731 3451 820 3496 mare
842 3433 971 3517 pigrum
992 3434 1152 3516 colligari,
1168 3440 1283 3500 ventos

191 3532 352 3596 inanimes
366 3533 545 3613 exspirare,
561 3531 674 3595 Solem
688 3532 838 3610 inhiberi,
852 3533 978 3598 Lunam
990 3533 1193 3617 despumati.
1227 3533 1283 3600 En

192 3653 259 3717 quo
279 3630 481 3697 criticorum
502 3651 618 3730 genere
637 3654 741 3717 nuper
760 3653 857 3713 nnus,
872 3654 942 3718 pree
967 3637 1096 3716 caeteris
1118 3641 1282 3715 versutus,

191 3734 443 3809 demonstravit,
471 3732 642 3798 Tibullum
670 3735 845 3816 scripsisse
875 3752 898 3798 r.
927 3737 959 3802 9.
981 3737 1034 3802 23.
1086 3735 1194 3802 ‘Nec
1219 3737 1282 3802 tihi

192 3835 322 3900 celandi
338 3834 407 3901 Fas
423 3835 468 3898 sit
484 3832 630 3899 Peccare
644 3835 795 3918 paranti!
