2760 5130
524 725 595 774 urs.
618 725 676 774 rrr.
701 726 806 774 nuso.
829 712 862 775 6.

134 860 201 926 Ille
214 860 295 925 iacit
309 862 394 927 dites
409 864 536 927 animos
555 866 648 930 Deus
661 887 669 929 :
692 867 748 930 ille
762 868 907 930 ferocem

180 961 351 1041 Contudit,
366 971 399 1028 et
414 964 558 1031 dominae
573 971 664 1033 misit
677 970 709 1031 in
725 970 906 1033 arbitrium.

136 1062 312 1129 Armenius
327 1067 428 1147 tigres
444 1074 477 1131 et
490 1067 598 1132 solvas
614 1070 670 1134 ille
684 1071 807 1133 leaenes
1187 1069 1230 1132 15

181 1165 287 1244 Vicit,
303 1172 336 1230 et
350 1167 521 1232 indomitis
535 1170 651 1234 mollia
666 1170 768 1233 corda
782 1166 882 1233 dedit.

131 1313 223 1374 frende
240 1317 349 1379 decipiet.
384 1317 433 1366 isle
444 1318 509 1366 Deru
526 1324 614 1367 menter
632 1319 749 1368 bominum
768 1319 847 1377 ‹litut;
864 1319 909 1367 iste
927 1323 1065 1376 arrogantes
1079 1321 1101 1364 cl
1120 1317 1231 1365 indociles

136 1381 388 1444 semermemque
401 1385 485 1444 puelloe
500 1382 606 1442 subjecit.
640 1384 722 1445 tigres
732 1384 866 1445 Amerini,
880 1391 902 1432 et
918 1388 996 1431 toruus
1014 1383 1099 1430 lmus
1109 1383 1230 1442 cicuruer't,

596 1510 775 1529 “Olm

137 1587 256 1661 durem
275 1588 348 1638 Haud
364 1589 423 1638 cod.
441 1590 511 1653 Lips.
529 1591 578 1640 Aut
590 1591 652 1640 Per.
670 1593 814 1654 complures
824 1593 891 1641 Stat.
904 1592 954 1640 duo
965 1590 1078 1640 Broukh.
1089 1596 1144 1638 tres
1155 1590 1232 1638 Voss.

137 1668 228 1703 omues
239 1653 336 1702 Beroii.
345 1661 372 1702 et
384 1653 479 1704 (ructu.
491 1656 566 1704 Corv.
578 1657 642 1718 Reg.
655 1656 708 1715 stit,
719 1669 776 1704 cum
789 1657 849 1705 edd.
860 1671 898 1718 pr.
911 1658 969 1719 msj.
987 1657 1045 1703 min.
1064 1653 1164 1701 Burtol.
1182 1654 1232 1702 Ve-

136 1723 193 1767 ποί.
204 1721 230 1767 1.
248 1717 322 1766 Brix.
339 1719 420 1780 Rbeg.
432 1719 505 1767 Rom.
518 1719 620 1767 Vicent.
637 1719 743 1769 Venett.
762 1724 831 1769 1481.
849 1724 920 1769 1491.
940 1723 1011 1770 1491.
1023 1726 1050 1766 et
1060 1716 1119 1766 Aru.
1131 1722 1154 1765 l.
1171 1717 1232 1765 inire

136 1782 254 1846 prorrits
264 1782 511 1832 metebeutscbrnd.
522 1783 609 1832 Burru.
619 1782 650 1830 sd
661 1782 783 1842 Propert.
794 1798 812 1832 1.
824 1791 849 1833 ⁵.
867 1789 906 1833 12.
927 1792 954 1833 et
971 1782 1077 1831 itiitsclr.
1095 1782 1121 1829 in
1136 1780 1233 1830 Tentu-

137 1847 225 1905 nim
240 1844 306 1895 deles
318 1846 394 1909 Argi.
404 1851 430 1895 1.
439 1853 466 1895 et
476 1846 558 1895 Lsrrd.
575 1852 664 1894 recuset
676 1846 733 1896 cod.
745 1848 816 1911 Lips.
834 1848 919 1896 Beroi.
929 1852 954 1896 2.
965 1847 1067 1910 quidum
1084 1846 1152 1894 Stet.
1168 1859 1233 1894 uuus

137 1908 258 1961 unctu.
268 1910 353 1972 Angli.
363 1915 385 1959 l.
393 1916 418 1958 s.
429 1910 523 1960 Zwicc.
537 1915 560 1958 1.
568 1914 593 1959 2.
606 1919 658 1958 tres
667 1911 741 1960 Voss.
752 1912 845 1960 Humb.
857 1911 898 1960 ed.
910 1926 948 1974 pr.
964 1911 1023 1973 msj.
1032 1911 1093 1957 ruiu.
1103 1910 1198 1958 Vener.
1209 1913 1234 1957 2.

136 1972 242 2023 Vicest·
254 1973 309 2022 Rhe
329 1973 406 2024 ,Ald
419 1980 441 2023 1.
451 1974 517 2024 seui.
527 1979 575 2022 &o
594 1979 685 2022 rerruot
697 1976 757 2024 Psr.
767 1976 911 2037 complures
924 1976 990 2023 Stst.
1001 1983 1028 2023 et
1042 1971 1155 2022 Broukh.
1169 1974 1233 2035 Reg.

138 2037 218 2088 con.
227 2038 293 2086 Gset
314 2071 321 2086 .
334 2042 356 2086 l.
371 2043 395 2086 2.
410 2043 434 2088 4.
453 2039 528 2087 Witt.
542 2042 565 2086 1.
575 2042 599 2086 4.
611 2040 675 2088 Ere.
691 2038 769 2088 Pocc.
787 2040 985 2088 Βετο11.1.8.4.
997 2037 1149 2086 ed.Brrtol.
1162 2037 1235 2084 Rom.

137 2102 248 2151 Veustt.
258 2106 329 2151 1487.
344 2105 414 2151 1491.
425 2107 495 2152 rsus.
506 2107 577 2151 15⁰⁰.
595 2107 665 2151 1⁵20.
676 2102 734 2151 Ald.
743 2103 1013 2152 eurumdem-re
1023 2102 1103 2150 Fallat
1111 2114 1164 2147 eum
1174 2104 1235 2148 terto

138 2164 268 2217 Pur-u
286 2166 329 2214 ille
339 2165 404 2225 serit
420 2167 488 2214 mles
503 2167 565 2215 Exc.
582 2167 651 2228 Lips.
668 2166 757 2215 ‘Nihil
769 2174 808 2215 est
819 2167 844 2214 in
854 2166 1065 2215 antecedentibus
1078 2166 1144 2213 uude
1156 2179 1172 2212 s
1191 2178 1235 2226 ps-

137 2237 290 2297 restquem
303 2229 586 2292 Deumbicsigniticet.
604 2230 1154 2295 intelliguntferetnterpp.Bacchum...
1204 2228 1235 2276 ti·
1309 2246 1312 2253 ·

131 2308 195 2409 ‚m
213 2294 255 2343 vis
273 2294 299 2342 in
315 2294 454 2355 Bsecbum,
471 2294 511 2340 vel
535 2295 591 2356 ejus
616 2308 717 2355 munus,
738 2297 834 2354 riuum,
856 2296 961 2345 csrluut.
999 2293 1163 2344 Commodius
1179 2293 1235 2341 baec

197 2372 213 2407 ι
232 2357 344 2420 recipies
359 2357 392 2406 de
413 2357 516 2406 Amore.
561 2357 598 2405 At
614 2372 685 2406 umor
703 2359 764 2408 dites
783 2360 880 2406 animos
901 2374 952 2407 uon
970 2356 1043 2407 fucit.
1087 2358 1166 2406 Forte
1188 2356 1236 2405 its-

138 2434 194 2487 φο
216 2421 352 2485 tegendum
376 2421 445 2470 mites
464 2422 563 2483 seimus,
583 2421 651 2484 quod
680 2423 835 2486 reliquorum
859 2437 975 2471 uersuum
998 2421 1128 2471 sententis
1149 2428 1236 2483 postu·

139 2487 199 2535 iere
226 2486 337 2534 ridetur.
380 2486 438 2534 Nisi
464 2487 518 2533 traec
542 2485 673 2545 admittas,
701 2494 729 2535 et
760 2487 866 2535 smnrrtis
887 2495 989 2547 testum,
1017 2499 1066 2550 quo
1090 2485 1151 2533 nibil
1174 2484 1237 2534 sstir

139 2548 241 2601 diserte
261 2549 400 2614 eloquitur,
419 2549 533 2611 cogitem
560 2549 709 2612 dicendum,
729 2550 830 2614 aliquot
856 2550 969 2599 distiebu
996 2551 1022 2598 iu
1053 2549 1137 2598 medio
1166 2549 1236 2597 exei-

140 2613 231 2663 dtrre!
249 2614 329 2678 Heus.
363 2613 422 2662 Hoc
442 2620 521 2675 negat
538 2612 695 2672 Huschtrius,
713 2627 762 2662 nec
784 2613 970 2664 admittendum
992 2628 1047 2662 esse
1067 2618 1157 2663 censet
1174 2613 1235 2661 leot.

139 2677 222 2728 nites.
260 2678 400 2740 componit
417 2677 534 2725 Tibullus
554 2678 621 2725 inter
641 2692 669 2725 se
688 2677 819 2726 Beccbum
839 2686 867 2727 et
887 2678 1017 2739 Amorem,
1054 2691 1143 2725 uorurn
1163 2674 1235 2724 iilum

139 2747 236 2806 eperte
244 2742 406 2805 praedicavit,
423 2741 490 2789 bunc
503 2742 603 2790 occulte
615 2740 692 2790 modo
704 2742 889 2805 reliquium.
924 2744 1001 2793 Nunc
1011 2693 1096 2790 subito
1108 2739 1238 2788 invehitur

139 2804 313 2866 tremorem,
321 2804 429 2854 necdum
442 2805 608 2864 nominatum,
619 2805 675 2864 sed,
695 2815 830 2870 postquem
850 2805 912 2855 sutis
931 2808 981 2855 rirn
1001 2807 1056 2869 ejus
1076 2803 1240 2864 deformarit,

141 2869 364 2934 murmurque
376 2869 478 2917 numine
490 2883 573 2917 sermo
586 2870 630 2928 sit,
649 2868 747 2919 diserte
765 2871 916 2932 pronuntiet
934 2885 971 2918 vs.
984 2874 1023 2918 17.
1045 2868 1112 2929 quod
1133 2868 1238 2930 egregie

140 2934 267 2983 eosvenit
289 2935 372 2982 snimo
389 2933 522 2982 concitato
547 2941 574 2980 et
595 2934 724 2981 sestusnti.
766 2933 848 2981 Stort.
869 2941 896 2981 et
918 2933 1033 2980 Florent.
1052 2931 1092 2978 itte
1104 2930 1239 2988 feroces.-

143 3000 177 3048 u
194 2998 303 3046 Contulit
314 2997 410 3048 Bsrutt.
422 3002 445 3047 1.
457 3002 481 3047 8.
507 2997 720 3045 muniuerunt.
737 2999 910 3056 smsrg.-15
929 2994 1175 3054 Anneniustigreset
1187 2991 1240 3050 set·

645 3132 751 3185 NOTAE

141 3232 211 3285 sttsr
222 3231 310 3282 studet
320 3234 434 3297 potando
443 3247 575 3296 superare.
609 3233 673 3281 Con·
713 3231 825 3280 letiores
837 3245 924 3280 eorum
941 3227 1004 3277 fecit
1022 3226 1129 3286 auiuros,
1146 3223 1241 3273 Potite-

140 3314 281 3357 ssesersnt
296 3309 363 3357 enim
381 3310 492 3358 Veteres
512 3316 550 3357 tot
567 3307 673 3371 cyathos
713 3320 819 3370 rumque
831 3307 908 3355 etism
926 3303 1084 3352 ioecuudiors
1100 3300 1186 3350 reddit
1203 3299 1241 3347 in-

141 3384 199 3434 viui
210 3399 318 3434 secure
335 3385 507 3444 inconrtriis,
521 3390 585 3448 quot
596 3397 674 3431 sunus
714 3382 798 3445 genia.
840 3380 915 3430 Unde
936 3379 1032 3427 dicitur
1052 3376 1148 3444 Ennius
1177 3387 1241 3423 nun-

141 3462 234 3513 visere
241 3463 390 3526 cupiebant,
400 3462 441 3511 vei
453 3468 516 3526 quot
525 3475 604 3510 runos
612 3468 674 3510 usta
713 3472 789 3523 quem
801 3457 850 3505 uisi
864 3463 939 3519 potus
954 3452 1125 3516 composuisse
1137 3463 1242 3500 carmen

141 3543 214 3588 esset
230 3538 322 3600 siries,
331 3539 373 3586 vel
384 3543 446 3602 quot
463 3537 551 3585 literss
566 3535 674 3589 baberet
714 3534 855 3597 egregium.
891 3531 959 3580 Hinc
981 3530 1058 3579 etism
1083 3529 1174 3576 Horat.
1197 3539 1242 3574 ιιι.

143 3614 202 3679 ejus
219 3627 322 3664 nomeu.
356 3612 431 3662 Unde
451 3610 529 3661 Ouid.
545 3611 672 3659 Fsst.rrr.
714 3600 1243 3669 0111111111ειῑφιαιιᾱοοιιιιὶειο

140 3689 226 3742 ‘sote
236 3695 323 3739 temen
339 3688 450 3752 vinoque
467 3688 563 3748 calent,
582 3700 671 3734 ennos-
714 3698 784 3733 mero
796 3685 935 3732 Catonem:
952 3681 1100 3729 ‘Narratur
1116 3684 1144 3725 et
1163 3675 1243 3739 prisci

140 3778 194 3831 qus
205 3771 354 3829 precentur,
363 3764 435 3814 Quot
444 3769 545 3812 sument
555 3760 670 3824 cynthus,
715 3760 819 3808 Catonis
835 3759 911 3820 Srepe
930 3770 1001 3806 mero
1017 3753 1126 3804 ualuisse
1143 3749 1245 3800 virtus!

141 3840 177 3892 sd
205 3854 388 3904 numerumque
412 3838 511 3888 bibunt.
553 3836 671 3885 Invenies
715 3834 835 3898 Propert.
848 3847 885 3883 ιν.
897 3837 921 3881 6.
938 3831 1094 3894 ‘Ingenium
1106 3829 1175 3892 potis
1186 3827 1243 3876 irri-

141 3917 208 3981 illie,
217 3916 262 3980 qui
274 3915 393 3965 Nestoris
404 3914 493 3965 ebibet
508 3927 597 3974 sunus,
608 3913 673 3962 Quae
714 3917 753 3959 tst
766 3912 841 3957 ttiuss
852 3908 958 3957 Poetis:
970 3907 1084 3968 Busche,
1095 3904 1161 3954 soter
1170 3903 1244 3952 Pboe·

142 3992 179 4045 rlt
200 4007 248 4056 per
268 3990 364 4042 celires
383 3989 454 4040 facts
473 3988 572 4052 Sibytts
598 3984 673 4036 suos!
714 3986 747 4035 bo
758 3985 850 4034 fertilis
862 3997 917 4031 esre
929 3980 990 4031 tuo!

145 4068 293 4120 Uertislir:
310 4067 426 4116 ‘Naenis
435 4080 481 4114 sex
495 4064 602 4129 cyathis,
617 4076 674 4124 sep·
748 4066 777 4110 15
795 4059 921 4107 Armenius
942 4055 1029 4116 tigres]
1059 4054 1091 4102 In
1114 4052 1244 4113 Armenia,

143 4152 199 4196 teru
208 4144 315 4196 iustine
328 4142 442 4203 bibetur,
455 4141 574 4202 Quinque
586 4138 675 4200 Lycus,
716 4135 785 4183 Arioe
798 4135 901 4196 regione
912 4127 1245 4190 lstissims,inter'1'surum

146 4216 515 4285 Lydequstuor,1drtribus.
542 4213 633 4264 Omnis
644 4210 675 4260 ub
715 4213 896 4261 etCuucssum
907 4201 1244 4268 montesecsppsdocisud

145 4294 232 4347 intuso
242 4301 394 4344 numeretur
409 4292 490 4340 smicr
510 4291 624 4349 Falerno,
642 4287 676 4335 Et
717 4287 1004 4350 Caspiumusquemsre
1016 4277 1245 4345 protenss,crude·

144 4372 208 4439 quis
230 4371 304 4421 nulls
330 4368 411 4431 veuit,
435 4374 463 4417 tu
484 4366 556 4428 mibi,
576 4366 679 4424 Somne,
715 4357 1069 4421 tissimaensseuuturtigres;
1088 4351 1246 4419 quse,utSu·

144 4447 225 4500 veui!
717 4438 784 4485 tinus
796 4434 887 4493 refert,
897 4433 995 4482 idcirco
1007 4447 1022 4480 s
1038 4431 1141 4480 Baccho
1153 4426 1245 4491 perdo·

179 4531 212 4576 11
240 4524 286 4573 Ille
307 4522 372 4583 serit
393 4521 456 4570 dites
482 4519 574 4567 asinos
599 4515 677 4579 Deus]
717 4514 787 4562 mitre
799 4511 930 4573 sdjugum
941 4515 969 4558 et
979 4521 1081 4556 currum
1094 4503 1246 4555 trahendum

146 4601 267 4666 Bscelrus
286 4599 347 4650 rino
362 4597 479 4648 homiues
498 4594 632 4655 exbitsrst,
650 4597 677 4640 st
717 4581 1247 4651 dicuntur,quodistudsnimsliumgeuur
