2760 5130
168 756 190 820 4
512 765 653 817 runnu.
676 765 712 817 c.
736 761 920 817 nuscuurr

169 911 249 978 (lam
263 909 332 977 vidi
348 909 419 976 siue
430 908 566 975 Tibullo
580 909 672 994 apud
688 909 895 990 Santonium,
909 911 969 995 qui
983 911 1069 978 libro
1083 909 1268 996 inscripse-

169 1023 244 1082 ratr
268 1012 404 1078 ‘Editio
420 1013 567 1076 omnium
581 1011 762 1095 princeps:
807 1012 888 1077 Hoc
898 1013 1048 1079 Santeuii
1063 1014 1267 1099 exemplum,

170 1114 259 1201 quod
273 1133 361 1179 nuuc
377 1120 530 1179 servatur
542 1113 578 1177 iu
594 1111 808 1180 Bibliotheca
829 1112 1049 1191 Berolineusi,
1063 1117 1155 1181 mala
1168 1115 1266 1180 sedu-

169 1218 264 1282 litate
279 1213 452 1301 cujusdam
462 1215 683 1298 possessoris,
697 1218 756 1298 qui
764 1216 927 1300 scalpello
938 1222 1082 1281 veterem
1090 1218 1266 1282 lectionem

169 1319 271 1384 erasit
284 1318 384 1401 eique
406 1315 538 1380 calaum
562 1313 696 1379 induxit
717 1334 852 1395 novam,
866 1316 952 1382 adeo
967 1317 1188 1401 depravatum
1202 1322 1268 1395 est,

168 1418 296 1483 nubum
319 1435 421 1501 prope
442 1421 483 1479 ut
503 1413 597 1479 usum
612 1413 730 1480 afferat
749 1419 896 1501 antiquae
911 1419 1086 1504 scripture
1102 1418 1266 1482 studioso.

169 1518 299 1585 Tamen
313 1517 394 1582 mihi
409 1515 484 1601 jam
501 1523 569 1582 tum
593 1523 797 1582 convenerat
811 1537 886 1582 cum
900 1514 1075 1598 Santenio,
1090 1520 1175 1585 hanc
1191 1538 1267 1584 esse

169 1618 362 1687 Editicnem
388 1617 556 1702 Propertii
584 1617 690 1698 illam,
717 1638 818 1703 quam
847 1621 882 1684 in
908 1621 1064 1686 manibus
1091 1622 1267 1686 habuisset

169 1721 330 1806 Vulpius,
344 1718 405 1785 sed
420 1725 490 1784 tam
501 1718 701 1801 negligenter
712 1718 923 1813 contulisset,
935 1729 974 1785 ut
987 1741 1048 1805 pro
1062 1740 1127 1786 non
1142 1722 1267 1787 collata

168 1823 283 1890 haberi
309 1822 456 1887 deberet.
501 1817 620 1905 Vulpii
642 1821 832 1905 exemplum
858 1819 1028 1888 Tibullum
1054 1825 1152 1889 simul
1174 1844 1266 1889 com-

168 1923 389 2010 plectebatur.
422 1921 512 1987 ‘Hoc
537 1921 693 2005 Heyuius
716 1921 865 1988 contudit
890 1944 965 1989 cum
987 1925 1124 2010 majoris
1147 1925 1265 1989 formae

170 2023 324 2092 Editione
338 2043 368 2088 a.
380 2022 478 2088 1472.
494 2022 605 2105 posita
619 2023 662 2085 ab
675 2021 754 2104 ipso
768 2022 805 2085 iu
818 2023 927 2089 fronte
944 2025 1139 2090 Editiouum
1160 2029 1266 2091 omni·

168 2142 238 2206 um,
265 2144 366 2211 quam
391 2144 452 2207 ego
477 2124 561 2188 item
589 2122 770 2206 principem
793 2125 916 2189 vocavi
942 2132 1131 2209 propterea,
1161 2128 1265 2212 quod,

166 2233 288 2315 praeter
301 2222 471 2291 Tibullum
485 2230 519 2289 et
530 2221 749 2308 Propertium,
764 2221 933 2291 Catullum
949 2247 1096 2312 quoque,
1113 2229 1170 2311 qui
1183 2237 1266 2294 'tuuc

169 2331 313 2416 primum
329 2326 439 2392 editus
462 2325 544 2390 mihi
569 2324 756 2405 videbatur,
781 2327 868 2392 adde
891 2329 991 2394 etiam
1015 2329 1114 2396 Statii
1131 2331 1266 2417 Sylvas,

169 2433 339 2511 contiuett
370 2433 501 2513 postea,
528 2433 568 2490 ut
593 2428 785 2492 accuratius
810 2427 1057 2513 distinguerem,
1080 2433 1220 2498 alteram
1244 2454 1266 2499 a

167 2535 275 2600 forma
289 2537 324 2597 et
338 2526 558 2614 amplitudine
572 2526 744 2610 majorem,
759 2528 894 2594 alteram
905 2531 1070 2595 minorem
1084 2532 1265 2616 appellavi.

168 2621 236 2701 Sed
250 2621 294 2700 ab
304 2622 368 2698 hac
384 2620 539 2696 Editione
555 2627 722 2694 Catullum
737 2649 805 2695 nou
819 2630 980 2711 abfuisse,
994 2634 1029 2697 iu
1041 2640 1183 2699 mentem
1193 2634 1266 2719 jam

167 2730 262 2803 venit
275 2732 471 2802 Audiffredo
485 2724 641 2813 catalog.
656 2729 789 2798 Histor.
811 2730 894 2797 crit.
909 2731 1055 2798 Roman.
1075 2734 1160 2801 Edd.
1174 2736 1264 2802 Sec.

169 2854 234 2904 xv.
249 2858 283 2922 p.
293 2827 368 2901 lib.
380 2853 440 2900 uec
454 2853 508 2898 me
523 2825 674 2897 dubitare
688 2834 768 2899 sinit
775 2834 966 2901 observatio
981 2836 1139 2920 quaedam
1154 2836 1265 2923 Scipi·

168 2942 243 3007 cuis
257 2932 385 3004 Maileii
405 2938 441 3001 in
463 2924 585 3001 Museo
602 2934 801 3016 Veronensi,
824 2930 867 3001 de
882 2956 951 3022 qua
963 2936 1152 3004 videbimus
1167 2938 1263 3004 inira.

167 3040 268 3109 Nunc
283 3027 457 3106 dicendum
472 3029 555 3103 mihi
570 3044 621 3103 est
636 3033 881 3103 decollatione
896 3037 1034 3104 Tibulli.
1083 3039 1169 3104 Nam
1184 3061 1262 3106 cum

167 3145 293 3211 certior
314 3142 428 3207 factus
449 3160 558 3206 essem
584 3152 606 3205 a
628 3131 796 3218 Bardilio,
811 3140 904 3206 illius
920 3138 1097 3220 Editionis,
1113 3162 1214 3227 quam
1227 3144 1264 3208 in

165 3245 321 3311 manibus
333 3242 496 3306 habuisse
517 3232 682 3325 vulpium
696 3243 770 3324 ipso
783 3238 1047 3322 confirmaverat,
1071 3245 1264 3328 exemplum

164 3343 304 3431 reperiri
316 3343 352 3408 iu
365 3340 578 3408 Bibliotheca
591 3340 702 3424 Regia
715 3334 913 3423 Parisiensi,
928 3339 1042 3427 rogavi
1055 3345 1161 3422 virum
1176 3367 1264 3431 prm·

165 3444 420 3522 stautissimum,
434 3463 533 3528 quem
546 3442 729 3508 amicitiam
738 3462 813 3508 cum
826 3440 938 3510 Hasio
954 3447 1165 3512 contraxisse
1177 3450 1265 3514 scie·

163 3551 255 3629 bam,
270 3555 320 3626 ut,
343 3546 409 3611 hoe
423 3545 573 3630 auspice,
586 3545 755 3630 utriusque
769 3545 888 3613 Po‘etae
903 3546 1096 3613 Carmiuum
1121 3547 1264 3616 Collati·

86 3650 93 3663 '
164 3670 259 3718 onem
281 3668 355 3715 cum
379 3645 458 3713 Alo.
481 3645 727 3711 a.1502.meo
755 3664 823 3711 aera
851 3647 1095 3715 conficiendam
1125 3659 1263 3717 curaret.

165 3753 241 3818 Nec
255 3751 388 3816 frustra.
433 3747 578 3827 Hosius,
594 3747 766 3813 adomnia
783 3748 863 3813 item
881 3748 1068 3816 officiorum
1080 3771 1199 3835 genera
1211 3757 1264 3819 vir

162 3851 422 3939 promtissimus,
459 3869 571 3915 curam
603 3850 652 3915 rei
687 3849 904 3917 demandavit
932 3851 1098 3936 Gregorio
1131 3853 1261 3938 Zalyco

161 3952 463 4031 Thessalonicensi,
487 3951 542 4017 cui
564 3958 740 4035 acceptam
756 3950 860 4018 resero
875 3954 979 4020 totius
990 3955 1067 4020 libri
1081 3957 1261 4023 lectionem

161 4056 342 4134 diversam,
353 4075 495 4137 eamque
511 4058 664 4119 accurate
679 4054 910 4139 perscriptam.

207 4157 296 4223 Haec
322 4155 436 4221 Editio
461 4156 534 4221 siue
560 4156 666 4220 dubio
692 4175 853 4240 expressa
876 4163 929 4224 est
954 4158 997 4223 ad
1021 4158 1183 4225 Codicem
1208 4164 1262 4228 vel

161 4261 263 4344 plaue
276 4259 445 4343 perditum
460 4258 513 4322 uel
532 4258 677 4322 nondum
703 4257 812 4321 denuo
836 4279 1028 4324 excussum.
1073 4260 1162 4326 Nam
1185 4265 1261 4347 quis

161 4360 287 4439 credat,
312 4359 481 4425 Editorem
508 4366 626 4441 suopte
653 4359 784 4442 ingenio
806 4360 954 4424 intulisse
976 4383 1009 4426 v.
1025 4381 1055 4426 c·
1077 4362 1261 4441 lectionem,

160 4459 271 4525 adhuc
286 4463 320 4524 iu
334 4461 398 4525 hoc
414 4480 479 4524 uno
500 4468 667 4542 repertam
683 4460 848 4543 exemplo,
867 4463 1040 4527 111.1.14.
1064 4470 1073 4500 ‘
1089 4465 1147 4528 Sic
1162 4471 1260 4546 et†n†

161 4570 331 4645 ccrn'ptuur
348 4565 473 4628 mittere
495 4567 627 4645 oportet
649 4562 755 4645 opus?
801 4562 924 4628 Mutila
941 4567 1042 4630 verba
1057 4565 1175 4631 inferre
1194 4569 1261 4632 uon
