<?xml version="1.0" encoding="UTF-8"?>
<!DOCTYPE html PUBLIC "-//W3C//DTD XHTML 1.0 Transitional//EN"
    "http://www.w3.org/TR/xhtml1/DTD/xhtml1-transitional.dtd">
<html xmlns="http://www.w3.org/1999/xhtml" xml:lang="en" lang="en">
 <head>
  <title>
</title>
<meta http-equiv="Content-Type" content="text/html;charset=utf-8" />
  <meta name='ocr-system' content='tesseract 3.04.00' />
  <meta name='ocr-capabilities' content='ocr_page ocr_carea ocr_par ocr_line ocrx_word'/>
</head>
<body>
  <div class='ocr_page' id='page_1' title='image "./operaomniaexedi00tibugoog_0016.png"; bbox 0 0 2760 5130; ppageno 0'>
   <div class='ocr_carea' id='block_1_1' title="bbox 385 1479 998 1559">
    <p class='ocr_par' dir='ltr' id='par_1_1' title="bbox 385 1479 998 1559">
     <span class='ocr_line' id='line_1_1' title="bbox 385 1479 998 1559; baseline 0 -5"><span class='ocrx_word' id='word_1_1' title='bbox 385 1479 597 1559; x_wconf 84' lang='grc' dir='ltr'><strong>ΙΜΜΑΝ.</strong></span> <span class='ocrx_word' id='word_1_2' title='bbox 639 1484 694 1556; x_wconf 88' lang='lat' dir='ltr'><strong>G.</strong></span> <span class='ocrx_word' id='word_1_3' title='bbox 736 1481 998 1558; x_wconf 85' lang='lat' dir='ltr'><strong>HUSCHKll</strong></span> 
     </span>
    </p>
   </div>
   <div class='ocr_carea' id='block_1_2' title="bbox 273 1779 1110 1896">
    <p class='ocr_par' dir='ltr' id='par_1_2' title="bbox 273 1779 1110 1896">
     <span class='ocr_line' id='line_1_2' title="bbox 273 1779 1110 1896; baseline 0.002 -2"><span class='ocrx_word' id='word_1_4' title='bbox 273 1779 1110 1896; x_wconf 84' lang='lat' dir='ltr'><strong>PRAEFATIO.</strong></span> 
     </span>
    </p>
   </div>
   <div class='ocr_carea' id='block_1_3' title="bbox 517 2172 867 2237">
    <p class='ocr_par' dir='ltr' id='par_1_3' title="bbox 517 2172 867 2237">
     <span class='ocr_line' id='line_1_3' title="bbox 517 2172 867 2237; baseline 0.006 -14"><span class='ocrx_word' id='word_1_5' title='bbox 517 2172 579 2236; x_wconf 81' lang='lat' dir='ltr'><strong>[ex</strong></span> <span class='ocrx_word' id='word_1_6' title='bbox 595 2172 692 2224; x_wconf 78' lang='lat' dir='ltr'><strong>surr.</strong></span> <span class='ocrx_word' id='word_1_7' title='bbox 706 2173 768 2225; x_wconf 73' lang='lat' dir='ltr'><strong>nn.</strong></span> <span class='ocrx_word' id='word_1_8' title='bbox 783 2172 867 2237; x_wconf 78' lang='lat' dir='ltr'><strong>nra]</strong></span> 
     </span>
    </p>
   </div>
   <div class='ocr_carea' id='block_1_4' title="bbox 146 2530 1254 4683">
    <p class='ocr_par' dir='ltr' id='par_1_4' title="bbox 146 2530 1253 4272">
     <span class='ocr_line' id='line_1_4' title="bbox 149 2530 1244 2641; baseline 0.004 -24"><span class='ocrx_word' id='word_1_9' title='bbox 149 2530 246 2620; x_wconf 84' lang='lat' dir='ltr'><strong>Hoc</strong></span> <span class='ocrx_word' id='word_1_10' title='bbox 260 2555 413 2639; x_wconf 83' lang='lat' dir='ltr'><strong>inprimis</strong></span> <span class='ocrx_word' id='word_1_11' title='bbox 436 2559 643 2641; x_wconf 90' lang='lat' dir='ltr'><strong>propositum</strong></span> <span class='ocrx_word' id='word_1_12' title='bbox 666 2558 780 2636; x_wconf 82' lang='lat' dir='ltr'><strong>bubni,</strong></span> <span class='ocrx_word' id='word_1_13' title='bbox 795 2564 834 2624; x_wconf 90' lang='lat' dir='ltr'><strong>nt</strong></span> <span class='ocrx_word' id='word_1_14' title='bbox 856 2557 983 2624; x_wconf 87' lang='lat' dir='ltr'><strong>Tibulli</strong></span> <span class='ocrx_word' id='word_1_15' title='bbox 1011 2557 1166 2623; x_wconf 80' lang='lat' dir='ltr'><strong>Carmina</strong></span> <span class='ocrx_word' id='word_1_16' title='bbox 1186 2576 1244 2621; x_wconf 88' lang='lat' dir='ltr'><strong>ac·</strong></span> 
     </span>
     <span class='ocr_line' id='line_1_5' title="bbox 147 2656 1245 2743; baseline 0.003 -22"><span class='ocrx_word' id='word_1_17' title='bbox 147 2665 262 2722; x_wconf 88' lang='lat' dir='ltr'><strong>curate</strong></span> <span class='ocrx_word' id='word_1_18' title='bbox 274 2658 443 2740; x_wconf 81' lang='lat' dir='ltr'><strong>exigerem</strong></span> <span class='ocrx_word' id='word_1_19' title='bbox 456 2656 498 2723; x_wconf 85' lang='lat' dir='ltr'><strong>ad</strong></span> <span class='ocrx_word' id='word_1_20' title='bbox 519 2656 691 2724; x_wconf 86' lang='lat' dir='ltr'><strong>Editiones</strong></span> <span class='ocrx_word' id='word_1_21' title='bbox 705 2664 846 2736; x_wconf 83' lang='lat' dir='ltr'><strong>veteres,</strong></span> <span class='ocrx_word' id='word_1_22' title='bbox 857 2656 951 2724; x_wconf 86' lang='lat' dir='ltr'><strong>libris</strong></span> <span class='ocrx_word' id='word_1_23' title='bbox 961 2660 1108 2743; x_wconf 65' lang='lat' dir='ltr'><strong>scriptis</strong></span> <span class='ocrx_word' id='word_1_24' title='bbox 1125 2660 1245 2741; x_wconf 87' lang='lat' dir='ltr'><strong>quibus</strong></span> 
     </span>
     <span class='ocr_line' id='line_1_6' title="bbox 146 2759 1246 2844; baseline 0.003 -23"><span class='ocrx_word' id='word_1_25' title='bbox 146 2759 311 2843; x_wconf 85' lang='lat' dir='ltr'><strong>hodieque</strong></span> <span class='ocrx_word' id='word_1_26' title='bbox 325 2761 459 2836; x_wconf 90' lang='lat' dir='ltr'><strong>utimur,</strong></span> <span class='ocrx_word' id='word_1_27' title='bbox 484 2762 683 2826; x_wconf 88' lang='lat' dir='ltr'><strong>auctoritate</strong></span> <span class='ocrx_word' id='word_1_28' title='bbox 707 2781 773 2825; x_wconf 91' lang='lat' dir='ltr'><strong>non</strong></span> <span class='ocrx_word' id='word_1_29' title='bbox 798 2760 981 2840; x_wconf 82' lang='lat' dir='ltr'><strong>inferiores,</strong></span> <span class='ocrx_word' id='word_1_30' title='bbox 1007 2767 1108 2828; x_wconf 85' lang='lat' dir='ltr'><strong>aetate</strong></span> <span class='ocrx_word' id='word_1_31' title='bbox 1124 2779 1246 2844; x_wconf 91' lang='lat' dir='ltr'><strong>prope·</strong></span> 
     </span>
     <span class='ocr_line' id='line_1_7' title="bbox 146 2861 1245 2949; baseline 0.002 -25"><span class='ocrx_word' id='word_1_32' title='bbox 146 2861 284 2925; x_wconf 90' lang='lat' dir='ltr'><strong>modum</strong></span> <span class='ocrx_word' id='word_1_33' title='bbox 294 2881 414 2947; x_wconf 83' lang='lat' dir='ltr'><strong>pares3</strong></span> <span class='ocrx_word' id='word_1_34' title='bbox 430 2862 632 2948; x_wconf 84' lang='lat' dir='ltr'><strong>planumque</strong></span> <span class='ocrx_word' id='word_1_35' title='bbox 643 2863 800 2942; x_wconf 86' lang='lat' dir='ltr'><strong>iacerem,</strong></span> <span class='ocrx_word' id='word_1_36' title='bbox 813 2883 881 2949; x_wconf 89' lang='lat' dir='ltr'><strong>que</strong></span> <span class='ocrx_word' id='word_1_37' title='bbox 893 2863 974 2928; x_wconf 92' lang='lat' dir='ltr'><strong>olim</strong></span> <span class='ocrx_word' id='word_1_38' title='bbox 984 2862 1044 2928; x_wconf 85' lang='lat' dir='ltr'><strong>illu</strong></span> <span class='ocrx_word' id='word_1_39' title='bbox 1053 2864 1172 2929; x_wconf 87' lang='lat' dir='ltr'><strong>babitu</strong></span> <span class='ocrx_word' id='word_1_40' title='bbox 1184 2881 1245 2926; x_wconf 83' lang='lat' dir='ltr'><strong>ex-</strong></span> 
     </span>
     <span class='ocr_line' id='line_1_8' title="bbox 148 2963 1248 3048; baseline 0.002 -22"><span class='ocrx_word' id='word_1_41' title='bbox 148 2982 277 3047; x_wconf 89' lang='lat' dir='ltr'><strong>pressa,</strong></span> <span class='ocrx_word' id='word_1_42' title='bbox 292 2983 378 3048; x_wconf 87' lang='lat' dir='ltr'><strong>quas</strong></span> <span class='ocrx_word' id='word_1_43' title='bbox 393 2963 592 3028; x_wconf 82' lang='lat' dir='ltr'><strong>mutationes</strong></span> <span class='ocrx_word' id='word_1_44' title='bbox 613 2964 666 3029; x_wconf 84' lang='lat' dir='ltr'><strong>vel</strong></span> <span class='ocrx_word' id='word_1_45' title='bbox 681 2984 703 3029; x_wconf 87' lang='lat' dir='ltr'><strong>a</strong></span> <span class='ocrx_word' id='word_1_46' title='bbox 715 2964 892 3029; x_wconf 85' lang='lat' dir='ltr'><strong>codicibus</strong></span> <span class='ocrx_word' id='word_1_47' title='bbox 907 2984 1025 3029; x_wconf 87' lang='lat' dir='ltr'><strong>recens</strong></span> <span class='ocrx_word' id='word_1_48' title='bbox 1046 2964 1248 3048; x_wconf 86' lang='lat' dir='ltr'><strong>comparatis</strong></span> 
     </span>
     <span class='ocr_line' id='line_1_9' title="bbox 149 3063 1246 3149; baseline -0.001 -20"><span class='ocrx_word' id='word_1_49' title='bbox 149 3063 203 3129; x_wconf 79' lang='lat' dir='ltr'><strong>vel</strong></span> <span class='ocrx_word' id='word_1_50' title='bbox 217 3084 239 3129; x_wconf 86' lang='lat' dir='ltr'><strong>a</strong></span> <span class='ocrx_word' id='word_1_51' title='bbox 253 3066 430 3129; x_wconf 89' lang='lat' dir='ltr'><strong>doctorum</strong></span> <span class='ocrx_word' id='word_1_52' title='bbox 454 3065 624 3132; x_wconf 89' lang='lat' dir='ltr'><strong>bominum</strong></span> <span class='ocrx_word' id='word_1_53' title='bbox 647 3067 787 3149; x_wconf 85' lang='lat' dir='ltr'><strong>ingeniis</strong></span> <span class='ocrx_word' id='word_1_54' title='bbox 811 3065 972 3149; x_wconf 83' lang='lat' dir='ltr'><strong>paulatim</strong></span> <span class='ocrx_word' id='word_1_55' title='bbox 994 3064 1163 3142; x_wconf 86' lang='lat' dir='ltr'><strong>subierint,</strong></span> <span class='ocrx_word' id='word_1_56' title='bbox 1178 3083 1246 3149; x_wconf 91' lang='lat' dir='ltr'><strong>qno</strong></span> 
     </span>
     <span class='ocr_line' id='line_1_10' title="bbox 150 3165 1248 3252; baseline -0.001 -22"><span class='ocrx_word' id='word_1_57' title='bbox 150 3166 291 3251; x_wconf 88' lang='lat' dir='ltr'><strong>deniqne</strong></span> <span class='ocrx_word' id='word_1_58' title='bbox 312 3167 389 3250; x_wconf 88' lang='lat' dir='ltr'><strong>jure</strong></span> <span class='ocrx_word' id='word_1_59' title='bbox 412 3186 498 3231; x_wconf 86' lang='lat' dir='ltr'><strong>nora</strong></span> <span class='ocrx_word' id='word_1_60' title='bbox 523 3169 653 3252; x_wconf 79' lang='lat' dir='ltr'><strong>qnaevis</strong></span> <span class='ocrx_word' id='word_1_61' title='bbox 667 3168 767 3233; x_wconf 86' lang='lat' dir='ltr'><strong>lectio</strong></span> <span class='ocrx_word' id='word_1_62' title='bbox 788 3168 971 3232; x_wconf 83' lang='lat' dir='ltr'><strong>substitute</strong></span> <span class='ocrx_word' id='word_1_63' title='bbox 986 3167 1032 3232; x_wconf 87' lang='lat' dir='ltr'><strong>sit</strong></span> <span class='ocrx_word' id='word_1_64' title='bbox 1047 3165 1248 3250; x_wconf 87' lang='lat' dir='ltr'><strong>antiquiori;</strong></span> 
     </span>
     <span class='ocr_line' id='line_1_11' title="bbox 150 3264 1248 3354; baseline 0 -22"><span class='ocrx_word' id='word_1_65' title='bbox 150 3268 249 3346; x_wconf 90' lang='lat' dir='ltr'><strong>uude,</strong></span> <span class='ocrx_word' id='word_1_66' title='bbox 272 3269 372 3334; x_wconf 83' lang='lat' dir='ltr'><strong>facile</strong></span> <span class='ocrx_word' id='word_1_67' title='bbox 397 3264 633 3352; x_wconf 78' lang='lat' dir='ltr'><strong>intelligebam,</strong></span> <span class='ocrx_word' id='word_1_68' title='bbox 654 3270 799 3353; x_wconf 88' lang='lat' dir='ltr'><strong>pendere</strong></span> <span class='ocrx_word' id='word_1_69' title='bbox 824 3269 923 3354; x_wconf 86' lang='lat' dir='ltr'><strong>hujus</strong></span> <span class='ocrx_word' id='word_1_70' title='bbox 946 3270 1071 3353; x_wconf 83' lang='lat' dir='ltr'><strong>operis,</strong></span> <span class='ocrx_word' id='word_1_71' title='bbox 1086 3269 1182 3333; x_wconf 87' lang='lat' dir='ltr'><strong>toties</strong></span> <span class='ocrx_word' id='word_1_72' title='bbox 1198 3288 1248 3332; x_wconf 90' lang='lat' dir='ltr'><strong>re·</strong></span> 
     </span>
     <span class='ocr_line' id='line_1_12' title="bbox 151 3369 1250 3455; baseline -0.003 -19"><span class='ocrx_word' id='word_1_73' title='bbox 151 3372 251 3448; x_wconf 90' lang='lat' dir='ltr'><strong>cocti,</strong></span> <span class='ocrx_word' id='word_1_74' title='bbox 265 3371 491 3437; x_wconf 86' lang='lat' dir='ltr'><strong>recensionem</strong></span> <span class='ocrx_word' id='word_1_75' title='bbox 503 3371 603 3455; x_wconf 89' lang='lat' dir='ltr'><strong>paulo</strong></span> <span class='ocrx_word' id='word_1_76' title='bbox 613 3373 864 3437; x_wconf 85' lang='lat' dir='ltr'><strong>accuratiorem.</strong></span> <span class='ocrx_word' id='word_1_77' title='bbox 909 3372 975 3437; x_wconf 91' lang='lat' dir='ltr'><strong>Sed</strong></span> <span class='ocrx_word' id='word_1_78' title='bbox 985 3370 1050 3436; x_wconf 91' lang='lat' dir='ltr'><strong>hec</strong></span> <span class='ocrx_word' id='word_1_79' title='bbox 1061 3369 1250 3454; x_wconf 86' lang='lat' dir='ltr'><strong>inquirendi</strong></span> 
     </span>
     <span class='ocr_line' id='line_1_13' title="bbox 151 3471 1250 3558; baseline -0.003 -21"><span class='ocrx_word' id='word_1_80' title='bbox 151 3472 299 3537; x_wconf 90' lang='lat' dir='ltr'><strong>studium</strong></span> <span class='ocrx_word' id='word_1_81' title='bbox 312 3492 469 3554; x_wconf 81' lang='lat' dir='ltr'><strong>magnam</strong></span> <span class='ocrx_word' id='word_1_82' title='bbox 482 3473 562 3537; x_wconf 89' lang='lat' dir='ltr'><strong>mihi</strong></span> <span class='ocrx_word' id='word_1_83' title='bbox 582 3475 644 3539; x_wconf 87' lang='lat' dir='ltr'><strong>olii</strong></span> <span class='ocrx_word' id='word_1_84' title='bbox 659 3481 788 3558; x_wconf 87' lang='lat' dir='ltr'><strong>partem</strong></span> <span class='ocrx_word' id='word_1_85' title='bbox 803 3475 974 3553; x_wconf 85' lang='lat' dir='ltr'><strong>absumsit,</strong></span> <span class='ocrx_word' id='word_1_86' title='bbox 988 3493 1050 3538; x_wconf 88' lang='lat' dir='ltr'><strong>nec</strong></span> <span class='ocrx_word' id='word_1_87' title='bbox 1066 3492 1131 3538; x_wconf 91' lang='lat' dir='ltr'><strong>nno</strong></span> <span class='ocrx_word' id='word_1_88' title='bbox 1150 3471 1250 3536; x_wconf 88' lang='lat' dir='ltr'><strong>simul</strong></span> 
     </span>
     <span class='ocr_line' id='line_1_14' title="bbox 151 3573 1249 3659; baseline -0.004 -20"><span class='ocrx_word' id='word_1_89' title='bbox 151 3579 301 3656; x_wconf 85' lang='lat' dir='ltr'><strong>ternpore</strong></span> <span class='ocrx_word' id='word_1_90' title='bbox 317 3575 430 3638; x_wconf 90' lang='lat' dir='ltr'><strong>omnia</strong></span> <span class='ocrx_word' id='word_1_91' title='bbox 454 3575 488 3638; x_wconf 91' lang='lat' dir='ltr'><strong>in</strong></span> <span class='ocrx_word' id='word_1_92' title='bbox 507 3582 642 3659; x_wconf 89' lang='lat' dir='ltr'><strong>promtu</strong></span> <span class='ocrx_word' id='word_1_93' title='bbox 667 3574 802 3641; x_wconf 87' lang='lat' dir='ltr'><strong>fuerunt</strong></span> <span class='ocrx_word' id='word_1_94' title='bbox 825 3576 986 3641; x_wconf 86' lang='lat' dir='ltr'><strong>subsidia.</strong></span> <span class='ocrx_word' id='word_1_95' title='bbox 1030 3573 1109 3654; x_wconf 78' lang='lat' dir='ltr'><strong>Quo</strong></span> <span class='ocrx_word' id='word_1_96' title='bbox 1123 3573 1249 3639; x_wconf 81' lang='lat' dir='ltr'><strong>sactum</strong></span> 
     </span>
     <span class='ocr_line' id='line_1_15' title="bbox 151 3674 1246 3762; baseline 0 -23"><span class='ocrx_word' id='word_1_97' title='bbox 151 3683 217 3754; x_wconf 89' lang='lat' dir='ltr'><strong>est,</strong></span> <span class='ocrx_word' id='word_1_98' title='bbox 226 3686 264 3740; x_wconf 89' lang='lat' dir='ltr'><strong>ut</strong></span> <span class='ocrx_word' id='word_1_99' title='bbox 273 3676 359 3741; x_wconf 90' lang='lat' dir='ltr'><strong>libro</strong></span> <span class='ocrx_word' id='word_1_100' title='bbox 369 3677 480 3759; x_wconf 90' lang='lat' dir='ltr'><strong>primo</strong></span> <span class='ocrx_word' id='word_1_101' title='bbox 492 3677 650 3761; x_wconf 84' lang='lat' dir='ltr'><strong>quaedam</strong></span> <span class='ocrx_word' id='word_1_102' title='bbox 661 3676 778 3744; x_wconf 84' lang='lat' dir='ltr'><strong>afferre</strong></span> <span class='ocrx_word' id='word_1_103' title='bbox 788 3697 856 3743; x_wconf 89' lang='lat' dir='ltr'><strong>nen</strong></span> <span class='ocrx_word' id='word_1_104' title='bbox 864 3677 1029 3762; x_wconf 89' lang='lat' dir='ltr'><strong>potuerim</strong></span> <span class='ocrx_word' id='word_1_105' title='bbox 1041 3674 1246 3759; x_wconf 81' lang='lat' dir='ltr'><strong>adjumenta.</strong></span> 
     </span>
     <span class='ocr_line' id='line_1_16' title="bbox 151 3777 1249 3864; baseline -0.003 -22"><span class='ocrx_word' id='word_1_106' title='bbox 151 3799 227 3862; x_wconf 82' lang='lat' dir='ltr'><strong>qnae</strong></span> <span class='ocrx_word' id='word_1_107' title='bbox 242 3779 368 3862; x_wconf 85' lang='lat' dir='ltr'><strong>perlata</strong></span> <span class='ocrx_word' id='word_1_108' title='bbox 382 3779 515 3844; x_wconf 87' lang='lat' dir='ltr'><strong>demum</strong></span> <span class='ocrx_word' id='word_1_109' title='bbox 537 3778 580 3844; x_wconf 83' lang='lat' dir='ltr'><strong>au</strong></span> <span class='ocrx_word' id='word_1_110' title='bbox 602 3800 655 3844; x_wconf 89' lang='lat' dir='ltr'><strong>me</strong></span> <span class='ocrx_word' id='word_1_111' title='bbox 677 3786 754 3846; x_wconf 89' lang='lat' dir='ltr'><strong>sunt</strong></span> <span class='ocrx_word' id='word_1_112' title='bbox 770 3780 843 3864; x_wconf 86' lang='lat' dir='ltr'><strong>jam</strong></span> <span class='ocrx_word' id='word_1_113' title='bbox 865 3785 1066 3862; x_wconf 86' lang='lat' dir='ltr'><strong>occupatum</strong></span> <span class='ocrx_word' id='word_1_114' title='bbox 1089 3777 1124 3841; x_wconf 91' lang='lat' dir='ltr'><strong>in</strong></span> <span class='ocrx_word' id='word_1_115' title='bbox 1139 3795 1249 3841; x_wconf 86' lang='lat' dir='ltr'><strong>recen·</strong></span> 
     </span>
     <span class='ocr_line' id='line_1_17' title="bbox 151 3880 1251 3966; baseline -0.003 -21"><span class='ocrx_word' id='word_1_116' title='bbox 151 3881 267 3946; x_wconf 90' lang='lat' dir='ltr'><strong>sendis</strong></span> <span class='ocrx_word' id='word_1_117' title='bbox 282 3882 430 3966; x_wconf 82' lang='lat' dir='ltr'><strong>reliquis.</strong></span> <span class='ocrx_word' id='word_1_118' title='bbox 476 3881 541 3946; x_wconf 83' lang='lat' dir='ltr'><strong>Cui</strong></span> <span class='ocrx_word' id='word_1_119' title='bbox 555 3882 769 3947; x_wconf 89' lang='lat' dir='ltr'><strong>incommode</strong></span> <span class='ocrx_word' id='word_1_120' title='bbox 780 3883 894 3948; x_wconf 87' lang='lat' dir='ltr'><strong>statim</strong></span> <span class='ocrx_word' id='word_1_121' title='bbox 905 3881 948 3946; x_wconf 84' lang='lat' dir='ltr'><strong>ub</strong></span> <span class='ocrx_word' id='word_1_122' title='bbox 964 3880 1061 3946; x_wconf 86' lang='lat' dir='ltr'><strong>initio</strong></span> <span class='ocrx_word' id='word_1_123' title='bbox 1075 3896 1251 3944; x_wconf 90' lang='lat' dir='ltr'><strong>occurren·</strong></span> 
     </span>
     <span class='ocr_line' id='line_1_18' title="bbox 150 3978 1253 4069; baseline -0.004 -22"><span class='ocrx_word' id='word_1_124' title='bbox 150 3984 232 4048; x_wconf 88' lang='lat' dir='ltr'><strong>dum</strong></span> <span class='ocrx_word' id='word_1_125' title='bbox 246 3983 328 4048; x_wconf 89' lang='lat' dir='ltr'><strong>mibi</strong></span> <span class='ocrx_word' id='word_1_126' title='bbox 341 4003 419 4050; x_wconf 83' lang='lat' dir='ltr'><strong>esse</strong></span> <span class='ocrx_word' id='word_1_127' title='bbox 434 3982 503 4050; x_wconf 82' lang='lat' dir='ltr'><strong>vidi</strong></span> <span class='ocrx_word' id='word_1_128' title='bbox 518 3984 705 4063; x_wconf 81' lang='lat' dir='ltr'><strong>Analectis,</strong></span> <span class='ocrx_word' id='word_1_129' title='bbox 716 3985 840 4069; x_wconf 91' lang='lat' dir='ltr'><strong>quibus</strong></span> <span class='ocrx_word' id='word_1_130' title='bbox 854 3983 1057 4066; x_wconf 81' lang='lat' dir='ltr'><strong>colligerem,</strong></span> <span class='ocrx_word' id='word_1_131' title='bbox 1074 3999 1150 4067; x_wconf 79' lang='lat' dir='ltr'><strong>quae</strong></span> <span class='ocrx_word' id='word_1_132' title='bbox 1166 3978 1253 4064; x_wconf 87' lang='lat' dir='ltr'><strong>adji-</strong></span> 
     </span>
     <span class='ocr_line' id='line_1_19' title="bbox 151 4082 1251 4170; baseline -0.003 -19"><span class='ocrx_word' id='word_1_133' title='bbox 151 4086 269 4152; x_wconf 85' lang='lat' dir='ltr'><strong>cienda</strong></span> <span class='ocrx_word' id='word_1_134' title='bbox 283 4093 404 4164; x_wconf 85' lang='lat' dir='ltr'><strong>essent,</strong></span> <span class='ocrx_word' id='word_1_135' title='bbox 417 4087 474 4151; x_wconf 87' lang='lat' dir='ltr'><strong>vel</strong></span> <span class='ocrx_word' id='word_1_136' title='bbox 489 4087 589 4152; x_wconf 86' lang='lat' dir='ltr'><strong>etiam</strong></span> <span class='ocrx_word' id='word_1_137' title='bbox 614 4094 837 4165; x_wconf 84' lang='lat' dir='ltr'><strong>retractarem,</strong></span> <span class='ocrx_word' id='word_1_138' title='bbox 852 4084 978 4170; x_wconf 87' lang='lat' dir='ltr'><strong>siquid</strong></span> <span class='ocrx_word' id='word_1_139' title='bbox 994 4085 1112 4150; x_wconf 88' lang='lat' dir='ltr'><strong>melius</strong></span> <span class='ocrx_word' id='word_1_140' title='bbox 1129 4082 1251 4148; x_wconf 86' lang='lat' dir='ltr'><strong>&#39;consti-</strong></span> 
     </span>
     <span class='ocr_line' id='line_1_20' title="bbox 151 4188 511 4272; baseline -0.008 -19"><span class='ocrx_word' id='word_1_141' title='bbox 151 4190 204 4253; x_wconf 91' lang='lat' dir='ltr'><strong>tni</strong></span> <span class='ocrx_word' id='word_1_142' title='bbox 218 4208 320 4272; x_wconf 87' lang='lat' dir='ltr'><strong>posse</strong></span> <span class='ocrx_word' id='word_1_143' title='bbox 333 4188 511 4255; x_wconf 87' lang='lat' dir='ltr'><strong>videretur.</strong></span> 
     </span>
    </p>

    <p class='ocr_par' dir='ltr' id='par_1_5' title="bbox 150 4283 1254 4683">
     <span class='ocr_line' id='line_1_21' title="bbox 195 4283 1251 4375; baseline -0.007 -18"><span class='ocrx_word' id='word_1_144' title='bbox 195 4290 218 4357; x_wconf 82' lang='lat' dir='ltr'>J</span> <span class='ocrx_word' id='word_1_145' title='bbox 221 4310 275 4355; x_wconf 86' lang='lat' dir='ltr'><strong>am</strong></span> <span class='ocrx_word' id='word_1_146' title='bbox 292 4291 381 4355; x_wconf 88' lang='lat' dir='ltr'><strong>iniis</strong></span> <span class='ocrx_word' id='word_1_147' title='bbox 397 4289 569 4370; x_wconf 86' lang='lat' dir='ltr'><strong>subsidiis,</strong></span> <span class='ocrx_word' id='word_1_148' title='bbox 584 4310 659 4375; x_wconf 80' lang='lat' dir='ltr'><strong>quoe</strong></span> <span class='ocrx_word' id='word_1_149' title='bbox 674 4290 757 4354; x_wconf 87' lang='lat' dir='ltr'><strong>mihi</strong></span> <span class='ocrx_word' id='word_1_150' title='bbox 771 4289 890 4354; x_wconf 90' lang='lat' dir='ltr'><strong>librum</strong></span> <span class='ocrx_word' id='word_1_151' title='bbox 905 4283 1095 4373; x_wconf 81' lang='lat' dir='ltr'><strong>Elegiarum</strong></span> <span class='ocrx_word' id='word_1_152' title='bbox 1108 4284 1251 4371; x_wconf 87' lang='lat' dir='ltr'><strong>primum</strong></span> 
     </span>
     <span class='ocr_line' id='line_1_22' title="bbox 150 4386 1252 4476; baseline -0.006 -17"><span class='ocrx_word' id='word_1_153' title='bbox 150 4393 334 4459; x_wconf 84' lang='lat' dir='ltr'><strong>illustranti</strong></span> <span class='ocrx_word' id='word_1_154' title='bbox 356 4390 543 4470; x_wconf 75' lang='lat' dir='ltr'><strong>defuerunt,</strong></span> <span class='ocrx_word' id='word_1_155' title='bbox 568 4392 678 4476; x_wconf 88' lang='lat' dir='ltr'><strong>primo</strong></span> <span class='ocrx_word' id='word_1_156' title='bbox 701 4391 776 4456; x_wconf 89' lang='lat' dir='ltr'><strong>loco</strong></span> <span class='ocrx_word' id='word_1_157' title='bbox 801 4391 1015 4456; x_wconf 86' lang='lat' dir='ltr'><strong>memoranda</strong></span> <span class='ocrx_word' id='word_1_158' title='bbox 1039 4396 1091 4455; x_wconf 89' lang='lat' dir='ltr'><strong>est</strong></span> <span class='ocrx_word' id='word_1_159' title='bbox 1105 4386 1252 4454; x_wconf 77' lang='lat' dir='ltr'><strong>collatio</strong></span> 
     </span>
     <span class='ocr_line' id='line_1_23' title="bbox 153 4493 1252 4581; baseline -0.008 -19"><span class='ocrx_word' id='word_1_160' title='bbox 153 4496 317 4562; x_wconf 85' lang='lat' dir='ltr'><strong>Editionis</strong></span> <span class='ocrx_word' id='word_1_161' title='bbox 331 4496 458 4562; x_wconf 83' lang='lat' dir='ltr'><strong>Saeculi</strong></span> <span class='ocrx_word' id='word_1_162' title='bbox 483 4513 547 4560; x_wconf 62' lang='grc' dir='ltr'><strong>ιν.</strong></span> <span class='ocrx_word' id='word_1_163' title='bbox 574 4515 652 4581; x_wconf 80' lang='lat' dir='ltr'><strong>qnae</strong></span> <span class='ocrx_word' id='word_1_164' title='bbox 676 4514 762 4559; x_wconf 90' lang='lat' dir='ltr'><strong>nnnc</strong></span> <span class='ocrx_word' id='word_1_165' title='bbox 789 4499 948 4578; x_wconf 85' lang='lat' dir='ltr'><strong>separata</strong></span> <span class='ocrx_word' id='word_1_166' title='bbox 971 4493 1147 4571; x_wconf 86' lang='lat' dir='ltr'><strong>invenitur,</strong></span> <span class='ocrx_word' id='word_1_167' title='bbox 1166 4509 1252 4554; x_wconf 91' lang='lat' dir='ltr'><strong>nunc</strong></span> 
     </span>
     <span class='ocr_line' id='line_1_24' title="bbox 153 4595 1254 4683; baseline -0.009 -19"><span class='ocrx_word' id='word_1_168' title='bbox 153 4599 335 4683; x_wconf 89' lang='lat' dir='ltr'><strong>conjuncta</strong></span> <span class='ocrx_word' id='word_1_169' title='bbox 356 4618 431 4665; x_wconf 90' lang='lat' dir='ltr'><strong>cum</strong></span> <span class='ocrx_word' id='word_1_170' title='bbox 452 4598 629 4683; x_wconf 89' lang='lat' dir='ltr'><strong>Propertio</strong></span> <span class='ocrx_word' id='word_1_171' title='bbox 646 4616 676 4661; x_wconf 88' lang='lat' dir='ltr'><strong>a.</strong></span> <span class='ocrx_word' id='word_1_172' title='bbox 692 4595 788 4664; x_wconf 76' lang='lat'>1472.</span> <span class='ocrx_word' id='word_1_173' title='bbox 834 4595 1042 4679; x_wconf 86' lang='lat' dir='ltr'><strong>Propertium</strong></span> <span class='ocrx_word' id='word_1_174' title='bbox 1064 4615 1126 4677; x_wconf 78' lang='lat' dir='ltr'><strong>ego</strong></span> <span class='ocrx_word' id='word_1_175' title='bbox 1147 4611 1254 4677; x_wconf 88' lang='lat' dir='ltr'><strong>quou-</strong></span> 
     </span>
    </p>
   </div>
   <div class='ocr_carea' id='block_1_5' title="bbox 0 0 1392 5130">
    <p class='ocr_par' dir='ltr' id='par_1_6' title="bbox 0 0 1392 5130">
     <span class='ocr_line' id='line_1_25' title="bbox 0 0 1392 5130; baseline 0 0"><span class='ocrx_word' id='word_1_176' title='bbox 0 0 1392 5130; x_wconf 95' lang='lat' dir='ltr'><strong> </strong></span> 
     </span>
    </p>
   </div>
  </div>
 </body>
</html>
