2760 5130
10 35 272 307 .
294 301 297 308 ,

930 328 937 338 ³
1287 333 1292 344 ι

634 408 639 417 ι

462 707 532 755 nin.
557 707 598 756 rr.
623 707 729 756 runo.
751 692 783 755 1.
1107 683 1171 759 161

69 845 144 912 Ant
156 845 258 911 etiam
281 845 345 909 sibi
366 845 510 931 quisque
524 849 652 931 palam:
667 869 746 914 nam
763 849 860 915 turha
872 849 994 932 jocosa
1125 853 1170 916 85

117 939 299 1029 Obstrcpit,
312 955 346 1011 et
362 947 504 1033 Phrygio
519 952 603 1015 tibia
617 969 721 1016 curva
734 970 829 1015 sono.

72 1049 196 1115 Ludite
208 1051 216 1113 l
225 1050 298 1133 jam
315 1050 349 1114 N
352 1071 397 1114 ox
407 1052 520 1134 jungit
534 1072 652 1134 equos,
666 1072 865 1135 currumque
880 1058 1061 1135 sequuntur
1089 1070 1093 1074 ’

118 1150 240 1216 Matris
252 1152 380 1216 lascivo
398 1152 510 1216 sidera
525 1154 618 1219 fulva
634 1154 746 1219 choro.

69 1321 129 1356 enno
141 1309 257 1369 inploret.
285 1305 328 1355 Vel
337 1306 409 1355 duos
419 1320 477 1355 eum
487 1308 782 1372 somnisqucsiloinperte
790 1309 908 1371 imploret.
938 1310 1035 1359 Etenim
1043 1312 1169 1360 mullitudo

68 1371 154 1420 weris
171 1376 195 1420 el
205 1370 383 1436 isfiaoylstssln
394 1370 472 1419 sonitus
482 1372 589 1435 Plirygio
605 1372 775 1423 moment
807 1373 944 1421 docemini:
963 1389 1024 1423 anne
1042 1377 1109 1424 modo
1121 1391 1169 1424 noc

69 1450 140 1499 equae
148 1435 268 1497 adjungit,
278 1439 302 1484 nt
317 1439 383 1484 otton
392 1435 466 1484 rutila
475 1440 535 1485 coetrs
545 1436 636 1497 sentino
643 1441 814 1501 prosequuntur
822 1437 919 1486 rbednm
927 1438 1041 1500 parentio
1075 1439 1171 1489 Deinde

533 1555 712 1594 ‘mm

89 1635 169 1685 rimus
179 1634 291 1684 edidisse
307 1634 498 1696 icrturAldus3
515 1633 581 1684 ‘scd
592 1636 649 1686 bac
661 1637 791 1700 scriptura
797 1638 853 1702 jam
865 1645 954 1689 exstat
964 1639 990 1688 iu
1004 1638 1046 1689 ed.
1058 1654 1097 1704 pr.
1107 1640 1169 1690 inin.

95 1707 144 1750 ett.
160 1698 221 1749 edd.
238 1699 323 1748 locum
342 1700 378 1748 lta
397 1701 595 1764 interpungunt,
612 1701 735 1768 pecorique
755 1709 836 1752 oocote
857 1704 917 1752 Voce
933 1705 1012 1766 pnlnos
1028 1704 1122 1766 pecori:
1140 1709 1168 1753 ut

70 1765 152 1826 Rbeg.
165 1762 216 1824 rel,
228 1762 289 1813 Voce
301 1764 396 1826 polum.-
413 1772 442 1813 ut
453 1763 515 1812 edd.
532 1764 640 1813 Venett.
653 1769 724 1816 1491.
742 1773 770 1815 et
785 1766 847 1817 Ald.
869 1773 892 1816 1.
904 1782 961 1832 qun
974 1768 1058 1816 Potest
1076 1767 1165 1818 babet.

70 1829 178 1877 Rectius
190 1827 276 1877 Pinut.
286 1828 406 1890 pecorique
420 1833 501 1876 oocute
515 1827 584 1887 Voce,
591 1829 670 1891 pslnss
684 1831 772 1892 pecori,
782 1833 822 1892 lpc.
834 1845 910 1895 qrraiu
930 1831 1168 1895 interpunctionem

68 1892 159 1956 Heyn.
176 1891 254 1941 etiam
273 1891 408 1940 adhibuit!
425 1891 599 1941 Boseth-tili
618 1893 743 1956 Obstrepet
760 1899 784 1942 et
799 1895 902 1957 phrygio
919 1896 1005 1958 sydera
1018 1894 1088 1953 sulco
1100 1896 1167 1944 itero

69 1955 166 2068 ΛΓ.
176 1956 238 2017 inaj.
248 1961 276 2004 ct
285 1954 367 2017 ereg.
377 1962 404 2003 et
413 1955 438 2003 iu
450 1955 561 2020 utraque
571 1955 613 2005 ed.
629 1957 715 2006 omissi
732 1965 793 2006 suut
805 1974 840 2007 vs.
852 1962 893 2007 87.
910 1967 938 2007 ct
949 1962 990 2007 88.
1006 1958 1109 2007 Vicerat.
1122 1959 1167 2008 uos

69 2020 115 2132 ani
135 2034 176 2068 eur
185 2019 271 2080 bubet,
281 2019 372 2068 endem
381 2027 467 2068 tumen
479 2020 557 2069 etium
568 2019 703 2084 Obstrepet,
715 2023 783 2085 quod
793 2022 919 2070 exlribcut
930 2023 1133 2086 quoqueVeuet.
1145 2027 1169 2073 2.

98 2084 145 2133 rix.
166 2090 193 2132 et
212 2084 283 2146 lips.
300 2083 326 2132 in
343 2083 432 2131 ultima
452 2083 549 2147 legitur
566 2084 645 2134 111411
657 2084 728 2145 fulco
741 2086 825 2136 clioro:
841 2084 883 2134 ed.
895 2100 935 2148 pr.
952 2087 1013 2134 min.
1024 2086 1168 2135 etVeuett.

69 2145 523 2210 1487.1111.1191.0111νφ11.-81
539 2147 626 2197 hodite
637 2147 707 2209 jum:
724 2150 783 2198 Nox
801 2151 879 2199 Corv.
897 2164 952 2198 osam
971 2163 1018 2212 pro
1028 2149 1085 2210 juso
1101 2151 1168 2213 Reg.

68 2211 207 2270 DnbVat.
218 2210 317 2270 Ursini,
333 2224 399 2259 unus
417 2211 485 2260 Stet.
497 2211 570 2261 ttius.
581 2216 606 2260 2.
617 2219 646 2261 et
656 2213 753 2262 Beroll.
772 2219 795 2264 1.
808 2217 898 2262 1.-88
916 2213 1010 2263 Mortis
1019 2215 1036 2262 l.
1048 2228 1068 2262 s.
1078 2212 1105 2270 s.
1116 2218 1169 2262 loro

67 2275 158 2326 Berol.
170 2279 195 2323 1.
207 2288 264 2324 cunr
275 2274 317 2323 ed.
329 2275 403 2326 Rom.
414 2275 519 2324 Vieent.
531 2285 558 2325 et
570 2275 630 2325 dld.
644 2281 666 2326 1.
678 2280 730 2326 toro
741 2277 821 2327 ctiam
838 2279 864 2325 in
884 2277 972 2338 Angli.
983 2281 1009 2339 1.
1026 2281 1051 2326 4.
1063 2283 1088 2326 6.
1099 2278 1166 2326 tlsoro

67 2339 170 2389 ΒοῐοΙΙ.
181 2344 205 2390 l.
213 2343 237 2387 1.
252 2344 278 2388 4.
289 2346 316 2387 et
327 2339 457 2388 Det-89
472 2340 582 2390 witti.
595 2341 659 2390 Dst.
671 2341 759 2405 Angli.
776 2346 800 2390 ³.
816 2346 842 2390 1.
859 2341 955 2391 Beroll.
975 2346 999 2391 1.
1017 2344 1042 2389 1.
1062 2349 1090 2391 et
1105 2341 1167 2392 Par.

67 2405 167 2454 tudio:
184 2403 259 2453 Witt.
271 2408 293 2452 1.
303 2406 327 2452 1.
340 2403 453 2453 iiroukls.
471 2408 495 2452 1.
511 2407 537 2453 2.
556 2408 582 2453 1.
595 2404 689 2453 iterati.
709 2412 732 2454 1.
746 2410 770 2454 2.
791 2410 815 2454 8.
832 2410 857 2454 4.
878 2402 976 2455 Guelff.
991 2409 1013 2454 1.
1025 2408 1050 2454 8.
1067 2410 1090 2455 4.
1104 2406 1168 2467 Beg.

68 2469 151 2518 Cure.
162 2466 220 2518 cod.
231 2467 301 2532 Llps.
311 2466 424 2517 vindob.
433 2468 509 2516 Voss.
521 2473 546 2516 li.
558 2482 623 2516 unus
632 2467 708 2532 Augl.
726 2468 789 2518 Par.
800 2469 859 2518 edd.
873 2485 912 2530 pr.
923 2469 985 2531 maj.
998 2468 1058 2517 min.
1071 2469 1170 2518 Bartol.

67 2531 166 2580 venet.
177 2534 203 2580 2.
214 2531 317 2580 vicent.
328 2530 412 2593 Rbeg.
423 2531 495 2578 Brix.
513 2531 589 2581 Rom.
601 2532 671 2594 Lips.
681 2541 708 2581 ct
718 2533 813 2583 Venet.
824 2536 896 2582 1181.
909 2536 981 2583 1191.
995 2536 1065 2582 1193.
1070 2532 1163 2592 selein

68 2594 161 2657 Angli.
177 2598 201 2644 8.
218 2599 243 2643 4.
256 2594 355 2655 sulem
372 2596 485 2644 Floreat.
496 2596 589 2656 nimiu
606 2597 670 2644 Exn.
689 2596 763 2646 Perr.
778 2599 855 2646 Pocc.
867 2604 894 2646 et
905 2597 1089 2646 Broulrlr.Vat.
1103 2602 1125 2646 1.
1138 2600 1163 2645 2.

69 2660 198 2710 eccorot.
212 2658 298 2721 sareu,
311 2658 378 2723 qnod
391 2660 648 2710 revocavitBrouklr.
662 2659 755 2724 furcis,
776 2660 845 2726 quod
865 2661 955 2711 Heius.
974 2662 1006 2711 ad
1026 2675 1105 2724 marg.
1125 2661 1167 2710 ed.

569 2804 677 2856 Nom

68 2916 311 2982 coruncanum
328 2917 429 2966 nonnisi
449 2917 522 2967 taciti
542 2925 602 2966 vota
643 2919 731 2967 suerio.
757 2917 894 2970 Horatius:
907 2918 915 2945 ‘
927 2915 1168 2978 Curflerecyutbiae

70 2993 250 3057 conciperent.
283 2992 342 3042 lioc
362 3007 424 3049 sero
444 2991 550 3055 subjicit
559 2991 603 3038 tt·
644 2990 866 3045 Cessautflamiua
878 2990 974 3040 tibiael’

70 3067 169 3130 bullus,
185 3074 215 3116 ut
225 3066 313 3116 Amori
333 3069 418 3130 palum
438 3065 602 3130 nuncupandi
675 3072 707 3116 87
726 3068 872 3128 Noxjongit
883 3065 962 3130 equos]
979 3066 1066 3128 Equos
1075 3074 1101 3113 ct
1113 3078 1170 3112 cur-

71 3149 136 3192 roln
147 3141 269 3191 fiduciam
282 3142 371 3204 uddnt,
388 3157 447 3190 cum
459 3142 555 3189 nullum
567 3140 603 3189 sit
645 3157 700 3192 rum
713 3144 783 3192 nocti
796 3141 887 3191 Poetae
905 3139 1053 3190 ascribunt:
1069 3140 1113 3187 sed
1126 3139 1171 3186 uli·

71 3218 218 3281 peniculum
236 3231 268 3266 ne
289 3217 412 3277 sciuntur,
431 3223 476 3265 aut
494 3229 527 3264 ue
545 3215 603 3282 quis
644 3216 747 3281 quaudo
776 3217 852 3280 bigu,
879 3213 1022 3279 aliquando
1039 3216 1170 3279 quadrigre

70 3293 161 3344 rivalis
182 3293 297 3342 invidere
319 3294 411 3357 possit,
428 3292 491 3341 licet
512 3298 604 3353 aperta
644 3292 703 3342 buic
715 3292 870 3340 tribuuntur.
903 3291 1015 3339 Noctem
1027 3305 1088 3339 vera
1098 3290 1171 3338 Side·

71 3369 258 3429 noce,libere,
275 3376 303 3417 ct
321 3369 404 3431 palam
422 3367 603 3427 enuntientnr3
645 3380 700 3413 rum
730 3372 839 3415 matrem
862 3364 989 3428 iecerunt,
1011 3367 1088 3430 quod,
1114 3380 1171 3415 cum

71 3458 133 3494 nam
151 3444 222 3493 tibiae
235 3444 354 3508 Pbrygiae
367 3445 477 3503 sonitus,
493 3449 521 3491 et
532 3442 603 3491 chori
644 3441 724 3491 Astra
735 3442 836 3490 nonnisi
848 3456 894 3505 per
910 3448 1014 3490 noctem
1031 3441 1118 3491 lucere
1136 3442 1172 3500 vi·

67 3521 155 3584 jocosi
174 3521 302 3569 cuutnutis
321 3535 351 3570 ac
368 3521 489 3568 saltantis
509 3520 602 3583 strepi·
644 3516 763 3578 deantur,
778 3530 810 3564 en
826 3517 899 3579 quasi
911 3530 1002 3579 parcre
1019 3523 1047 3566 et
1066 3518 1172 3581 gignere

71 3607 128 3658 tun,
149 3601 177 3644 et
199 3595 354 3673 rupticorurn
373 3595 490 3644 dissonus
513 3610 542 3644 uc
565 3597 602 3643 in·
645 3591 705 3639 Nox
715 3591 795 3654 possit
807 3590 867 3640 diei.
890 3591 1093 3640 Proetcreacum
1104 3592 1172 3640 Noe·

71 3672 604 3736 conpositusclamoritapenitusexsur·
645 3673 698 3715 tem
721 3667 818 3715 coelum
849 3666 969 3729 genuisse
989 3664 1099 3714 fabulati
1121 3666 1173 3714 sint

72 3746 131 3794 dat·
142 3759 225 3808 cures,
241 3755 270 3795 ut
292 3761 377 3812 neque
396 3747 422 3795 iu
444 3749 604 3797 curiosorum
645 3742 757 3791 Veteres
775 3757 833 3792 curu
852 3742 968 3792 Hesiodo
981 3745 1007 3791 in
1018 3743 1175 3807 Tbeogonin,

73 3821 205 3871 bominum
217 3836 305 3871 seusus
322 3837 428 3885 precum
446 3836 476 3872 ac
489 3830 605 3873 votorum
646 3818 815 3868 crediderunt
832 3819 909 3868 etiam
927 3819 1046 3868 Siderum
1058 3826 1085 3870 et
1096 3829 1175 3870 astro·

72 3912 172 3947 ascune
185 3905 324 3962 penetrare
336 3896 444 3960 possint.
646 3909 702 3943 rum
731 3909 788 3944 eam
810 3908 866 3944 esse
888 3903 1006 3959 matrem,
1028 3912 1085 3961 quae
1108 3897 1173 3948 Coeli

106 3977 141 4023 86
160 3973 267 4037 Phrygio
283 3971 502 4035 tibinenroneooo]
520 3970 605 4021 tuti·
646 3978 695 4019 est.

72 4049 109 4098 dn
127 4049 253 4114 Pbrygiae
276 4062 338 4111 rege
360 4047 451 4097 tibiam
470 4044 548 4096 luisse
570 4047 607 4095 in·
678 4049 711 4093 88
728 4044 825 4093 muco
836 4045 916 4108 cltoro]
931 4045 990 4095 Hoc
1006 4054 1060 4109 cst,
1072 4044 1176 4107 festivo,

72 4126 182 4176 sentum
191 4123 292 4174 Plinius
307 4120 398 4173 refert.
432 4122 605 4186 Phrygiueti·
646 4120 716 4183 luto,
732 4119 895 4169 scintillanti.
920 4120 1061 4178 Lasciuium
1080 4119 1178 4176 Sideri,

74 4215 115 4250 nin
137 4199 202 4250 obis
224 4198 361 4248 dicebatur
382 4212 423 4260 cu,
438 4213 495 4262 quae
520 4204 606 4246 certos
647 4194 694 4244 bus
715 4194 808 4244 tribuit
826 4193 917 4242 eudem
936 4195 1036 4244 ratione
1053 4195 1177 4256 Tibullus,

74 4277 165 4326 rnodor
188 4273 308 4333 referret,
332 4272 364 4321 ad
387 4287 450 4338 quos
471 4272 605 4321 saltarent.
646 4284 696 4334 qua
707 4268 839 4319 lascivium
849 4270 956 4332 piscium
967 4269 1034 4320 dixit
1044 4269 1176 4318 Pacuvius

74 4351 139 4400 ‘l'res
156 4351 225 4400 enisu
247 4349 368 4399 tibiarum
386 4349 454 4397 modi
470 4348 549 4397 luisse
567 4347 606 4396 di·
648 4346 715 4409 apud
729 4345 782 4394 Cic.
793 4342 827 4392 de
841 4343 901 4392 Dis.
913 4344 959 4393 lib.
976 4357 995 4393 r.
1014 4344 1093 4406 juxta
1104 4344 1175 4407 ¹illud

76 4432 179 4488 cuntur,
199 4423 316 4486 lonicus,
339 4422 444 4489 Lydius,
466 4423 605 4472 Barbarus.
649 4421 714 4469 Livii
726 4418 884 4468 Andronici:
904 4419 987 4468 ‘Tum
1000 4427 1086 4470 autern
1102 4420 1176 4482 lasci,-

51 4487 207 4558 ''libiarum
229 4499 351 4566 irequcns
370 4514 431 4551 usus
451 4500 476 4547 in
496 4498 608 4563 Cybeles
650 4511 708 4546 suno
720 4495 903 4559 Nereisituum
916 4495 1014 4561 pecus?
