2760 5130
365 700 466 768 assir
490 720 644 770 risuum
672 705 1033 768 ars.rv.csnu.10.
1176 704 1242 770 ⁴37

145 860 237 911 viridis
253 859 346 910 Cancri
362 862 490 911 mensibus
507 863 577 925 alget
597 861 675 924 ager!
713 862 774 911 sinis
788 877 829 910 me
846 877 902 910 esse
921 862 1022 911 arbitrii
1033 861 1093 924 mei,
1109 861 1177 926 quod
1188 875 1242 911 me·

144 937 240 988 Puells
251 936 330 999 igitur
347 936 516 1000 conqueritur
526 952 553 986 se
565 938 591 985 in
603 936 676 999 frigi·
713 938 822 987 linsest.
857 940 905 987 Est
916 946 1003 988 antem
1014 939 1201 999 mollissimum,
1212 953 1242 989 se

144 1010 279 1061 dissimum
291 1026 381 1075 agrum
390 1011 494 1072 abduci,
510 1020 547 1074 et,
558 1013 625 1078 quud
638 1011 676 1060 ia·
714 1013 922 1063 delicatissimum
944 1016 1119 1079 Epigramma,
1144 1024 1173 1065 et
1196 1015 1241 1064 Ti·

143 1086 241 1137 midam
252 1087 335 1148 ducit,
352 1088 407 1135 siae
419 1088 543 1137 Cerintho
555 1103 608 1136 suc.
633 1087 676 1136 ln·
714 1090 777 1139 balli
799 1091 875 1139 Musa
897 1090 1081 1154 dignissimum.
1125 1093 1169 1152 Et,
1191 1090 1241 1141 uisi

142 1170 236 1226 eptam
248 1176 310 1212 sero
326 1170 416 1227 putare
432 1163 474 1212 ltic
493 1164 570 1213 omnis
588 1165 677 1227 legen·
713 1164 781 1215 saitis
802 1181 842 1214 me
858 1167 988 1229 judicium
1006 1182 1100 1224 means,
1116 1168 1241 1217 hactenus

144 1239 207 1289 dura
227 1253 294 1299 esse,
310 1254 387 1303 quum
410 1239 491 1289 amnis
514 1240 675 1304 quantumvis
713 1243 769 1306 eJns
780 1243 1131 1293 sententiaobscurssuerst.
1148 1245 1224 1293 Idem.

141 1311 253 1378 frigidm
270 1314 331 1364 nihil
344 1329 438 1365 nocere
450 1317 546 1379 possit:
562 1315 675 1380 ineptius
745 1318 886 1367 Meliteia
905 1319 1014 1381 quassu]
1035 1321 1096 1371 Vet.
1111 1319 1169 1370 eod.
1187 1335 1241 1382 qao·

142 1403 208 1440 sero
228 1406 308 1454 squas
327 1391 424 1440 vicinas
442 1391 550 1454 frigidas
568 1392 609 1440 hic
630 1406 676 1454 pu·
711 1393 909 1445 siamustentat.
924 1395 1005 1445 Dcusa
1015 1396 1047 1445 P.

142 1468 197 1518 ssri
218 1466 299 1529 innui,
323 1468 393 1532 qnod
423 1468 500 1518 video
522 1467 675 1533 quibusdam

142 1543 431 1608 plaeere;quassquas
441 1541 538 1598 Addam
549 1543 675 1593 unaco-
865 1584 1019 1637 CARMEN
1038 1585 1078 1636 lx

141 1617 197 1668 dex
212 1621 330 1683 vulgatus
344 1619 478 1669 Strabonis
497 1628 581 1683 voest,
597 1634 674 1684 quum
1082 1621 1088 1635 ¹

142 1696 459 1761 1εςειιᾶιιηιιὶῐ,”Αλβωα
470 1697 551 1746 deora·
563 1697 608 1746 sed
620 1698 674 1746 siae
744 1703 758 1748 l
776 1698 831 1748 Scis
847 1699 894 1748 iter
912 1714 943 1748 ex
959 1699 1048 1762 aalma]
1070 1698 1136 1749 Herc
1156 1699 1240 1748 verbis

142 1771 224 1823 dubio
244 1773 380 1837 legendnm
396 1774 507 1836 frigidus
522 1788 605 1835 mass,
622 1787 675 1821 noa
711 1774 762 1823 suis
772 1776 888 1824 Tibullus
899 1775 931 1824 ad
943 1777 1089 1825 Messalam.
1122 1776 1189 1838 Scis,
1204 1776 1241 1824 iu·

141 1849 229 1899 unu.
264 1851 436 1913 Conqueritur
453 1863 482 1897 se
499 1849 586 1898 divelli
598 1864 613 1897 a
624 1849 674 1897 Ce·
712 1849 777 1914 quit,
794 1851 930 1913 Sulpitiam
945 1867 960 1898 a
972 1850 1133 1913 profectione
1150 1852 1194 1899 illa
1213 1852 1241 1899 in

141 1926 229 1974 motha
241 1931 358 1989 ternpore
373 1924 432 1975 anui
447 1925 674 1974 inclementissimn
711 1939 800 1987 agrurn
813 1933 884 1974 tuum
897 1926 1036 1976 destitisse.
1063 1928 1151 1978 Quare
1163 1941 1240 1990 quuur

142 2001 271 2064 inagnum
282 1999 481 2066 frigidissimum.
516 2001 674 2065 Italoqunn·
711 2001 758 2050 ills
778 2001 921 2050 obfirmarit
942 2017 969 2051 se
992 2016 1044 2050 non
1067 2002 1169 2063 ituram,
1194 2015 1240 2051 nus

142 2083 189 2127 tur
209 2083 321 2138 veteres,
343 2084 372 2127 ut
402 2078 515 2126 Plancus
545 2077 675 2139 Ciceroni,
711 2075 767 2124 sina
789 2076 834 2125 ills
853 2078 964 2127 natalem
983 2084 1056 2126 tunm
1072 2077 1241 2127 celebremus.

141 2152 257 2217 ‘Capias
268 2159 385 2215 tempore
399 2153 459 2201 anni
470 2151 567 2201 eduxi?
600 2152 673 2201 Gra·
711 2150 776 2201 Scal.

142 2242 203 2278 curn
222 2235 273 2289 est,
292 2228 339 2291 upa
357 2226 431 2278 draus.
470 2229 539 2277 Sane
557 2229 614 2277 huc
634 2235 675 2277 est
743 2230 759 2274 2
777 2227 863 2276 Natali
883 2225 966 2276 Roma
982 2243 1028 2277 sss
1045 2227 1105 2276 sinit
1122 2242 1171 2277 ssse
1186 2228 1240 2290 sus]

141 2318 206 2354 vars
225 2304 312 2366 lectio,
329 2320 405 2368 qnam
427 2305 469 2354 hic
487 2305 673 2368 proposuimus.
710 2300 764 2350 Diu
776 2307 824 2363 est,
842 2316 919 2365 quum
938 2301 981 2350 hic
998 2317 1085 2352 uersus
1101 2308 1241 2366 corruptus

142 2379 187 2429 Aa
205 2379 299 2443 inquit,
315 2386 461 2444 opportuno
478 2380 559 2429 lrierns
580 2381 682 2429 transi·
710 2383 760 2426 est.
792 2377 836 2425 ltu
848 2377 916 2427 enim
928 2377 1011 2426 codex
1022 2378 1116 2427 infimae
1128 2386 1243 2429 vetusta·

141 2460 221 2519 fletur
234 2453 399 2517 frigidissimo
416 2456 493 2518 agro?
525 2455 592 2504 Vide
611 2470 673 2519 quas
711 2452 746 2502 tis
767 2452 855 2502 habet.
899 2453 936 2502 At
958 2455 1072 2517 optimus
1099 2455 1144 2504 ille
1166 2454 1241 2517 lunge

141 2526 311 2578 difficultates
320 2529 577 2592 proponit,lriemem,
587 2544 673 2593 agrium
711 2530 803 2579 aliter:
823 2530 908 2578 Natali
916 2531 1057 2591 Rossoejam
1068 2532 1240 2581 licetessetso.

140 2603 273 2668 frigidam,
299 2607 411 2668 puellam
432 2621 469 2668 se,
491 2607 554 2656 urbe
577 2622 675 2671 carere,
710 2604 781 2666 Jsm,
806 2605 898 2668 inquit,
916 2605 952 2653 illi
981 2607 1043 2654 licet
1064 2620 1121 2656 esse
1143 2608 1241 2668 Romae,

140 2680 235 2731 abesse
247 2697 262 2730 a
274 2682 407 2730 Cerintho.
426 2683 501 2732 Idem.
711 2677 772 2727 dum
790 2685 818 2727 tu
836 2679 952 2728 celebras
963 2681 1075 2727 natalem
1088 2686 1160 2728 tuum
1172 2693 1242 2730 rure.

175 2758 261 2806 adam
270 2757 436 2820 nimiumlrc]
446 2759 615 2821 Detegendns
625 2760 673 2808 linc
710 2756 822 2804 Sustulit
833 2756 900 2803 enim
912 2756 962 2803 iter
974 2769 1006 2802 es
1017 2757 1115 2805 animo:
1130 2755 1179 2805 hoc
1191 2762 1240 2818 est,

139 2835 199 2884 locu
218 2833 312 2882 Criniti
334 2847 415 2894 error,
432 2834 476 2897 qni
497 2835 674 2897 Epigramma·
710 2830 829 2880 decrevit
847 2845 897 2878 non
917 2830 964 2878 ire.
996 2832 1065 2880 Sane
1082 2832 1178 2896 absque
1197 2832 1241 2880 illa

137 2910 206 2961 tium
225 2909 306 2971 istud,
323 2925 373 2958 noa
391 2925 424 2959 ex
439 2911 566 2974 Sulpitire,
584 2927 672 2961 serum
710 2911 808 2974 optima
820 2910 970 2959 membrana
982 2912 1067 2959 nullus
1087 2925 1163 2958 rerns
1182 2923 1239 2958 sen·

138 2999 176 3035 ax
197 2985 296 3034 Tibulli
315 2986 394 3049 ipsins
417 3000 528 3048 persona
547 2987 672 3049 scripturn
710 3001 753 3035 sus
771 3000 802 3034 es
815 2987 864 3035 lroc
876 2986 1081 3049 Epigrammstic
1098 2985 1156 3034 elici
1169 2992 1240 3048 pute·

138 3060 304 3111 inscitissime
327 3076 473 3125 persuasus,
497 3062 636 3110 Messalam
658 3076 674 3110 s
711 3069 759 3112 rat.
778 3063 852 3110 ldem.

137 3135 250 3198 manlio,
271 3138 308 3185 sui
328 3138 465 3198 studiosum,
489 3137 629 3200 perhiberi,
646 3138 673 3186 in

139 3211 195 3261 sits
206 3211 298 3262 Poetae
318 3214 375 3276 ejus
395 3215 480 3276 palarn
499 3213 608 3277 prodere
620 3228 673 3262 me·
874 3253 1026 3305 CARWEN
1043 3253 1069 3303 x

138 3288 281 3352 saorioeque
293 3289 415 3337 mandare
428 3304 478 3337 nan
492 3290 640 3338 dubitavit:
658 3305 674 3338 a
947 3275 956 3303 ¹
1071 3288 1079 3303 ‘

139 3372 304 3428 praepostera
316 3365 426 3426 exempli
437 3365 579 3428 supradicti
589 3366 674 3415 inues-
742 3371 755 3416 1
775 3368 879 3416 Gratum
890 3373 926 3416 est
938 3365 1042 3428 securas]
1060 3366 1170 3415 Gratum
1189 3372 1240 3428 est,

139 3439 269 3502 tigsticne
289 3441 314 3489 iu
334 3439 537 3491 manifestarium
555 3439 673 3492 fraudem
710 3441 1242 3507 inquit‚oCerintlre‚qnodtamliberess·

137 3515 263 3565 inductus
274 3517 382 3565 scilicet.
401 3517 483 3566 Dassa
495 3518 526 3565 Ρ.
710 3519 774 3568 teris
786 3525 812 3567 te
825 3532 942 3567 securum
954 3532 1020 3580 esse,
1037 3532 1069 3566 ne
1088 3518 1114 3566 in
1136 3525 1162 3567 te
1178 3531 1239 3580 pec·

172 3591 231 3638 Jaas
244 3591 342 3639 sinsism
354 3592 469 3655 Messala]
489 3592 549 3641 Noli
567 3586 671 3655 nocere,
709 3607 765 3644 cem
777 3595 847 3657 turpi
859 3594 996 3643 adulterio.
1021 3593 1113 3657 Apage
1125 3608 1183 3642 curu
1196 3601 1241 3643 tna

139 3664 202 3714 dnm
227 3666 320 3729 jurare
342 3676 434 3730 putas:
460 3669 508 3718 hoc
533 3669 673 3733 emerim,
710 3673 755 3722 illa
774 3674 922 3736 securitate,
939 3674 1031 3737 dignus
1054 3688 1104 3722 non
1126 3673 1239 3735 ingenus

137 3740 239 3790 &aas
250 3743 360 3792 duabu.
378 3743 447 3793 scal.
710 3762 807 3810 amore,
834 3749 878 3798 sed
902 3749 986 3813 aliquo
1015 3747 1167 3811 prostibulo,
1193 3756 1240 3798 sart

171 3816 262 3865 tiNos
272 3817 428 3880 tempestiua]
445 3818 496 3870 Qui
509 3833 580 3881 ssepe
591 3827 618 3868 te
630 3834 672 3869 sc·
710 3824 859 3888 quasillaria
880 3824 996 3872 muliere.
1038 3822 1109 3873 Satis
1128 3823 1240 3872 sollicite

137 3889 223 3955 cingis
231 3892 318 3941 itineri
327 3893 518 3956 intempestivo,
544 3896 591 3944 Est
603 3896 671 3944 enim
709 3897 848 3946 observant
858 3912 899 3945 me
912 3898 1006 3945 rivales
1023 3898 1071 3956 tui,
1089 3905 1116 3946 et
1132 3897 1241 3957 diligen·

138 3967 200 4016 anai
210 3972 311 4031 tempas
320 3969 496 4031 asperrimum.
521 3971 607 4022 Quare
615 3971 672 4020 lrrec
710 3977 752 4019 ter
762 3985 793 4019 sc
804 3970 905 4019 curiose
916 3978 1017 4033 carent,
1032 3985 1065 4020 ne
1076 3972 1101 4020 id
1112 3971 1240 4033 flagitium

136 4040 292 4093 confirmem
312 4044 521 4094 emendationem
548 4054 672 4110 nostram,
709 4044 882 4094 committam:
900 4059 964 4107 qnos
973 4044 1019 4091 illa
1031 4044 1157 4107 pudicitia
1174 4059 1240 4108 mea,

131 4114 243 4178 stipulas
269 4132 353 4181 sumu,
379 4134 427 4183 pro
455 4119 564 4182 frigidus
585 4123 671 4173 amnis.
709 4117 1239 4185 quoeiacit,utnealiiuirosuccumbem,

138 4191 224 4243 Iden.
709 4196 802 4244 acriter
813 4194 880 4256 urit;
897 4194 993 4242 vellent
1004 4192 1073 4240 enim
1084 4199 1112 4242 et
1122 4193 1170 4242 sibl
1187 4208 1240 4241 mc-

171 4272 188 4318 7
210 4268 262 4318 Hic
280 4269 395 4332 ssimum]
419 4271 535 4323 Quanris
555 4273 605 4322 silo
627 4274 671 4322 ab·
708 4271 794 4335 rigere
805 4284 897 4331 essem,
915 4275 943 4317 et
954 4265 1068 4317 iacerem
1079 4267 1116 4329 id,
1131 4268 1199 4331 quud
1212 4276 1240 4317 tu

138 4342 230 4406 ductu,
246 4351 333 4392 tamen
354 4346 451 4404 Romae,
467 4345 510 4394 ubi
532 4347 670 4397 Cerinthas
708 4353 735 4396 te
746 4353 798 4395 tam
810 4359 900 4394 secure
912 4345 949 4393 sis
960 4343 1101 4406 negligere,
1112 4357 1191 4406 qaum
1201 4344 1241 4393 sis

137 4425 190 4481 ast,
205 4419 318 4467 animum
341 4434 481 4484 sensusque
502 4436 573 4471 meos
595 4425 670 4473 relin-
707 4429 735 4472 te
752 4436 803 4470 non
821 4421 988 4469 vehementer
1004 4433 1105 4481 curare,
1123 4433 1155 4467 ne
1174 4421 1241 4469 male

137 4508 206 4559 qno5
232 4494 340 4559 quanvis
361 4501 389 4543 tn
411 4496 519 4546 arbitrio
541 4512 598 4546 meo
619 4514 669 4547 non
708 4497 797 4559 inepta
818 4494 923 4554 endam
948 4495 997 4542 hoe
1016 4500 1066 4554 est,
1083 4508 1116 4543 ne
1134 4509 1240 4559 peccem

138 4570 201 4620 siais
220 4584 278 4620 esse
295 4570 400 4631 Rumam
422 4572 472 4634 vel,
490 4574 598 4636 quanvis
620 4589 670 4623 non
707 4569 832 4621 alioviro.
867 4569 942 4632 Hac,
960 4568 1020 4633 quis
1037 4568 1242 4634 obscarsersnt,
