2760 5130
532 763 636 813 lusu
660 765 828 815 uiuum.
1163 755 1228 822 611

137 903 281 970 seriatim
293 904 488 970 describere.
519 907 572 971 De
582 908 634 974 bis
645 908 705 973 vix
717 906 844 990 aliquid
856 907 1039 991 Bipontini,
1048 917 1081 978 et
1092 911 1227 996 quidem

136 1026 201 1071 nos
218 1027 317 1072 unum
333 1007 517 1072 stulterum
534 1014 662 1072 tuntum
681 1009 873 1072 recentioris
893 1010 958 1074 aevi
973 1012 1227 1097 subjungemus:

138 1110 256 1192 quales
272 1116 348 1175 sunt
366 1110 407 1174 cl.
426 1110 533 1173 nostri
554 1108 675 1174 'l'ubiae
697 1109 854 1173 Smullett
867 1107 1181 1179 Animadversiuues
1194 1116 1229 1179 ib

136 1208 315 1292 Anglicum
336 1211 519 1276 versionem
541 1229 602 1292 per
627 1209 801 1290 Graiuger,
825 1208 980 1291 Anglicu,
1002 1212 1107 1276 Lond.
1132 1215 1229 1281 1759.

136 1312 216 1378 8vu.
230 1312 265 1377 J.
284 1311 408 1391 Jortin,
432 1310 466 1375 S.
485 1310 528 1375 T.
548 1309 588 1373 Ρ.
611 1307 929 1374 Animadversioues
952 1313 986 1375 in
1000 1312 1184 1392 Tibullum,
1195 1317 1230 1380 in

137 1413 351 1480 Tractatibus
365 1413 440 1497 ejus
454 1411 597 1476 antehac
613 1411 813 1486 memoratis,
828 1410 932 1474 Lond.
946 1413 1043 1478 1790.
1072 1414 1229 1499 Anglice:

137 1515 279 1582 Tbomae
303 1514 449 1579 Hurmur
473 1511 787 1577 Animadversioues
812 1511 847 1575 in
871 1512 1054 1594 Tibullum,
1078 1514 1231 1598 Anglicu,

138 1615 481 1682 inobservationibus
489 1615 562 1697 ejus
574 1615 608 1678 in
620 1614 729 1679 varius
738 1615 918 1682 sententias
930 1615 965 1680 S.
978 1615 1232 1701 Sciipturarum,

138 1721 201 1784 διο.
222 1718 344 1803 quibus
367 1716 473 1780 addus
495 1733 540 1779 ex
563 1713 772 1780 Germanicis
798 1715 856 1779 Jo.
871 1714 960 1800 Aug.
980 1718 1129 1787 Gourouz
1142 1720 1233 1785 Ten·

139 1825 252 1885 tumen
267 1818 418 1883 criticum
433 1818 469 1896 iu
481 1817 559 1880 lucu
579 1815 732 1899 quaedum
750 1813 940 1882 Curminum
955 1819 1232 1899 Tibulliuuorum,

140 1919 315 1986 Zwickuv.
330 1919 428 1984 1806.
442 1920 511 1983 lto.
525 1924 559 1982 et
574 1917 621 1981 H.
637 1916 676 1982 C.
692 1917 880 1983 Eiubstudii
916 1924 927 1953 ‘
940 1919 1113 1987 Nonnulla
1133 1923 1175 1987 de
1189 1924 1232 1988 iis

139 2041 218 2108 quae
246 2041 335 2087 novo
366 2020 492 2085 Tibulli
513 2019 635 2086 editori
657 2019 711 2085 vol
734 2021 883 2088 cuveudu
903 2023 959 2088 vel
980 2023 1136 2089 facienda
1158 2024 1232 2103 sint,

138 2123 238 2190 Junae
252 2123 349 2188 1806.
362 2121 424 2187 fol.
464 2122 654 2206 Epistulam
668 2122 818 2187 criticam
834 2124 868 2187 in
882 2123 1064 2203 Tibullum3
1080 2125 1234 2192 Pseudu-

139 2224 323 2302 Tibullum,
347 2230 380 2289 et
401 2224 622 2308 Propertium,
648 2224 692 2288 ud
715 2226 821 2290 virum
848 2226 1027 2313 perilluslr.
1052 2227 1101 2293 H.
1125 2226 1164 2292 G.
1187 2225 1233 2293 Α.

141 2327 380 2403 Eicbstudium,
405 2327 448 2390 ub
474 2326 513 2389 Ε.
532 2325 576 2392 Β.
600 2324 708 2404 Bucb,
727 2326 851 2392 Gotbae
875 2327 970 2400 1812.
992 2329 1067 2395 8v0.
1089 2334 1123 2394 et
1145 2328 1174 2393 1.
1189 2328 1234 2393 G.

141 2427 312 2498 Huscbkii
335 2426 553 2492 Communtut.
575 2429 619 2492 ud
642 2427 718 2492 Tib.
745 2444 769 2494 1.
793 2431 826 2494 9.
851 2429 904 2492 22.
927 2430 962 2491 in
988 2431 1027 2496 F.
1050 2429 1092 2494 A.
1118 2429 1234 2498 wolfii

142 2527 313 2599 Anuectis
327 2529 407 2596 Litt.
423 2528 537 2596 fascic.
553 2547 577 2595 ι.
593 2549 651 2619 pp.
667 2529 832 2595 161-184.
855 2527 949 2596 1816.
