2760 5130
442 766 674 816 rsssrruoms
700 768 746 814 BT
768 767 933 816 subicis.

424 911 521 976 Idem
534 912 629 976 Artis
652 888 726 974 Lib.
745 910 800 973 m:
820 931 871 974 vs.
887 910 961 975 333.

141 1042 188 1106 Et
202 1043 303 1106 teneri
319 1044 429 1126 possis
445 1062 576 1108 carmen
584 1044 709 1125 legisse
722 1043 891 1126 Propertl3

184 1142 264 1209 Sive
279 1144 406 1229 aliquid
421 1144 525 1221 Galli,
540 1145 623 1221 sive,
640 1143 783 1222 Tibulle,
799 1149 903 1233 tuum

411 1330 506 1414 Idem
522 1329 662 1395 Remed.
677 1299 791 1395 Amor.
806 1310 858 1394 vs.
874 1329 949 1394 763.

140 1462 298 1527 Carmina
310 1465 392 1559 quis·
401 1465 512 1548 potuit
526 1470 597 1529 tuto
612 1463 735 1546 legisse
748 1463 887 1540 Tibulli,

183 1563 249 1628 Vel
263 1569 333 1642 tue,
349 1566 446 1649 cnjus
461 1585 546 1649 opus
557 1565 702 1649 Cynthio
716 1566 790 1629 sols
803 1566 889 1630 fuitt

424 1746 518 1811 Idem
532 1747 633 1813 Trist.
649 1749 722 1812 Lib.
733 1765 772 1814 11.
794 1768 844 1813 vs.
859 1748 936 1812 447.

140 1884 281 1950 Credere
293 1887 415 1970 juranti
431 1888 550 1952 durum
564 1895 661 1971 putat
674 1909 750 1954 esse
762 1889 914 1954 Tibullus
926 1897 952 1970 3¹

183 1987 242 2051 Sic
257 1989 357 2052 etium
372 1988 414 2053 de
429 2010 466 2053 se
480 1989 571 2073 quod
583 1998 679 2072 neget
691 1990 749 2054 illu
761 1991 845 2055 viro.

141 2087 269 2150 Fallere
284 2089 457 2152 custodem
472 2088 605 2153 demum
623 2088 778 2154 docuisse
792 2089 930 2170 fumun

183 2189 295 2272 Seque
308 2208 371 2253 sus
384 2191 543 2255 miserum
557 2211 659 2268 nunc,
675 2191 735 2270 eit,
751 2195 821 2255 erte
836 2190 952 2274 premi.

139 2288 249 2372 Saepe,
264 2291 354 2354 velut
367 2309 532 2374 gemmam
545 2291 689 2357 dominae
701 2293 874 2373 signumve
885 2293 1059 2375 probaret3

96 2448 99 2452 .
187 2389 251 2454 Per
264 2409 402 2456 causum
412 2392 559 2456 meminit
573 2411 610 2457 se
621 2393 772 2475 tetigisse
787 2409 931 2456 manum.

139 2490 252 2574 thue
266 2491 380 2571 refert,
396 2493 509 2575 digitis
524 2513 618 2578 saepe
632 2500 685 2558 est
697 2498 841 2577 nutuque
854 2494 1001 2571 locutus,

182 2591 227 2657 Et
241 2595 377 2658 tacitam
391 2613 516 2659 mensae
532 2594 630 2658 duxit
649 2595 775 2660 inorbo
790 2602 916 2660 notum.

138 2693 182 2758 Et
196 2696 318 2778 quibus
331 2716 350 2760 e
365 2698 477 2761 succis
492 2698 592 2762 nbeet
607 2695 648 2761 de
663 2715 800 2781 corpore
812 2696 908 2775 livor,

182 2795 351 2879 Impresso
365 2799 435 2864 fieri
450 2799 506 2882 qni
522 2799 608 2863 solet
620 2818 689 2876 ore,
703 2798 810 2863 docet.

139 2896 292 2980 Denique
306 2899 349 2963 eb
365 2899 495 2964 incauto
508 2899 646 2964 nimium
667 2901 753 2983 petit
765 2898 822 2964 ille
838 2899 971 2975 morito,

182 2997 227 3062 Se
242 3019 375 3082 quoque
391 3000 442 3065 uti
457 3006 584 3081 servet3
608 3008 728 3084 peccet
741 3005 778 3065 ut
791 3001 849 3065 illu
863 3001 982 3063 minus.

139 3098 222 3176 scit,
236 3100 293 3164 cui
307 3101 454 3180 latretur,
468 3121 544 3166 cum
559 3103 652 3167 solus
666 3100 860 3166 obambulet
874 3099 951 3164 ille:

183 3197 252 3263 Cur
266 3202 367 3265 toties
381 3201 517 3267 clausas
532 3206 666 3266 excreet
680 3206 755 3265 unte
770 3200 871 3266 sores.

140 3298 312 3384 Multoque
326 3301 385 3368 dat
397 3303 473 3368 tulis
488 3303 565 3368 furti
581 3307 771 3386 preeecpts:
794 3301 956 3384 docetque

184 3400 262 3479 Qua
275 3408 388 3485 nuptae
401 3405 530 3486 possint
544 3402 658 3468 fallere
673 3402 716 3466 ab
731 3406 800 3466 orte
812 3402 915 3466 viros.

140 3499 216 3565 Nec
229 3500 291 3565 fuit
302 3502 366 3566 boc
380 3503 428 3567 illi
442 3503 568 3582 frandi3
590 3502 774 3585 legiturque
788 3501 957 3579 Tibullus,

183 3599 227 3663 Et
240 3602 360 3684 placet,
376 3602 491 3686 etjam
504 3610 536 3668 te
551 3603 710 3686 Principe
725 3606 826 3667 notus
841 3609 920 3666 erat.

453 3784 549 3849 Idem
565 3786 667 3850 Trist.
682 3803 731 3849 ιν.
753 3787 807 3850 10.
820 3786 874 3850 51.

138 3929 313 4013 Virgilium
326 3930 398 3995 vidi
411 3937 558 3997 tantum:
580 3952 644 3998 nec
657 3951 760 3998 evera
774 3933 908 3998 Tibullo

181 4031 328 4114 Tempus
342 4032 500 4097 amicitiee
515 4032 721 4097 fetededere
734 4051 835 4108 meae„

139 4133 324 4197 Successor
337 4132 403 4197 suit
416 4132 470 4198 bic
485 4134 559 4212 tibi,
575 4133 694 4215 Gulle;
716 4134 910 4218 Propertius
924 4133 993 4199 illi:

182 4231 331 4312 Quartus
347 4236 389 4299 eb
404 4234 455 4299 bis
470 4236 555 4299 serie
568 4235 724 4319 temporis
738 4235 811 4320 ipse
826 4235 886 4300 fni.

634 4396 744 4449 ΝΟΜ

174 4511 183 4538 ¹
211 4511 278 4560 lite
298 4512 392 4570 omniu,
416 4513 609 4575 postulantum
629 4509 666 4560 in·
707 4509 764 4561 Lib.
776 4523 796 4561 r.
814 4509 885 4573 Elsg.
897 4513 922 4558 6.

138 4586 217 4649 den,
236 4588 357 4652 leguntur
368 4587 437 4653 apud
448 4588 531 4653 iprum
539 4585 666 4636 'libellum
