2760 5130
915 371 926 389 ἱ

589 727 795 784 remunero.
839 698 843 706 ⁴
1226 723 1249 787 b

148 875 263 943 solent
277 871 442 954 finitores,
462 873 522 940 nbi
542 894 608 941 vox
631 876 765 960 integra,
790 895 866 962 quea
889 896 910 941 a
931 896 1032 946 sensu
1046 899 1111 946 non
1126 880 1248 948 abbor-

148 985 232 1057 reat,
246 979 282 1043 in
295 979 521 1057 manibusest‚
535 978 732 1043 emendandi
747 985 857 1044 eutem
880 979 964 1044 ratio
986 986 1055 1045 tam
1069 990 1201 1064 promta
1214 991 1248 1052 et

147 1088 278 1166 parata.
301 1078 348 1146 At
361 1080 430 1158 ille,
442 1079 603 1146 haesitans
616 1079 770 1158 sortasse,
785 1085 894 1144 utrum
910 1100 1026 1146 uocem
1041 1080 1248 1151 decurtatam

147 1187 294 1248 mutaret
314 1183 350 1247 in
374 1181 531 1246 ‘etenim’
556 1201 601 1246 an
626 1182 662 1246 in
690 1180 839 1260 ‘etiam’
864 1183 981 1247 maluit
1005 1183 1127 1249 librum
1149 1205 1249 1251 suum

147 1286 257 1368 sequi,
272 1302 374 1368 qnam
394 1283 562 1366 ingenium
584 1282 781 1366 periclitari.
825 1282 941 1362 Quare
962 1284 1072 1349 nullus
1094 1286 1248 1369 equidem

147 1385 281 1464 dubito,
301 1385 391 1470 -quin
418 1403 462 1448 ex
487 1383 605 1448 eodem
630 1384 716 1448 libro
744 1384 872 1468 scripto
899 1386 1024 1467 pariter
1045 1383 1157 1452 ductae
1184 1387 1250 1454 sint

146 1487 306 1552 lectiones
333 1485 488 1570 quaedam
516 1483 606 1562 elice,
632 1503 717 1568 quas
741 1504 838 1550 nemo
863 1485 1005 1551 iortmse
1026 1505 1093 1551 non
1114 1486 1249 1555 Tibullo

146 1587 366 1653 restituendas
379 1606 452 1651 esse
466 1589 624 1663 censeret,
640 1585 707 1649 nisi
728 1592 914 1651 ceterorum
929 1587 1083 1653 codicum
1097 1589 1248 1655 obstaret

147 1709 302 1754 numerus
311 1694 346 1754 et
357 1688 549 1753 auctoritas.
581 1702 605 1750 r.
619 1686 652 1750 3.
666 1687 721 1752 23.
753 1690 764 1721 ’
778 1685 828 1752 Ut
839 1707 916 1752 mea
929 1691 1064 1755 votivas
1079 1675 1249 1774 persoluat

148 1791 249 1856 Delia
257 1809 376 1873 prauus
384 1789 405 1871 3'
418 1807 520 1873 quam
528 1787 710 1851 lectionem
718 1807 753 1851 re
767 1807 845 1854 vera
855 1809 917 1871 pro
932 1788 1075 1855 ‘voces'
1091 1792 1248 1874 reposuit

146 1891 308 1976 Vulpina,
323 1891 393 1971 sed,
415 1889 506 1975 quod
529 1887 719 1968 notandum,
739 1908 779 1952 ne
800 1893 925 1955 monito
950 1892 1084 1976 quidem
1108 1893 1246 1970 lectore,

147 1993 282 2059 ductam
303 2012 376 2057 earn
396 2011 472 2056 esse
491 2009 537 2054 ex
558 1990 810 2056 Editioue-illa.
855 1991 964 2075 Cujus
987 1994 1116 2075 geneda
1138 1995 1246 2060 simila

147 2095 368 2178 mangonium‚
383 2092 502 2171 fateor,
524 2091 606 2155 mibi
629 2092 737 2158 adhuc
761 2093 911 2159 oblatum
925 2113 999 2159 esse
1013 2095 1096 2159 alibi
1111 2095 1246 2161 nullum.

147 2196 228 2262 Hoc
237 2197 386 2261 omnium
399 2196 503 2259 instar
516 2200 784 2276 argumentorum
806 2200 866 2273 est,
880 2194 1053 2282 vulpium
1069 2196 1113 2262 ob
1128 2198 1247 2263 oculos

145 2298 305 2363 babuisse
315 2297 402 2361 banc
416 2294 617 2360 Editionem.
660 2295 768 2362 Porro
784 2313 808 2360 ι.
823 2299 855 2363 3.
869 2297 924 2362 76.
956 2295 1150 2363 ‘Assiduus
1170 2306 1246 2364 atro

147 2401 306 2482 sangnine
332 2398 446 2482 pascit
474 2396 575 2464 ares'
619 2399 812 2465 Probabilis
835 2399 923 2464 baud
948 2399 1050 2464 dubie
1076 2400 1246 2485 scriptura.

144 2501 260 2585 Vulgo
281 2497 458 2566 ‘viscere’
505 2516 558 2565 rv.
573 2500 604 2564 1.
619 2500 674 2564 72.
708 2499 821 2566 ‘Cum
841 2498 980 2566 canibus
1001 2500 1141 2585 rapidas
1165 2502 1248 2566 inter

145 2603 230 2669 freta
250 2609 388 2665 curreret
412 2598 541 2666 undas?
593 2600 675 2680 Qua
699 2603 904 2667 memorabili
926 2603 1080 2681 lectione,
1105 2599 1245 2668 anobis

144 2711 284 2789 recepta
296 2722 359 2788 pro
374 2705 385 2736 ‘
400 2701 569 2786 serperet‚’
584 2702 677 2786 qnod
700 2704 800 2787 vulgo
822 2705 952 2788 legitur,
976 2709 1048 2770 tota
1065 2704 1135 2768 loci
1156 2703 1246 2769 illius

123 2798 127 2806 ’
143 2806 249 2871 iacies
259 2810 457 2870 mutatuest.
495 2804 610 2870 rv.13.
621 2805 675 2870 13.
707 2805 829 2870 ‘Nunc
838 2806 919 2871 licet
932 2815 961 2869 et
975 2802 1086 2890 templo
1099 2805 1248 2872 mittetur

144 2908 255 2972 amice
266 2904 425 2971 'libano’
468 2905 537 2970 Ubi
558 2907 634 2972 vide
656 2906 948 2972 commentarium.
992 2906 1095 2971 Hauc
1116 2924 1247 2970 omnem

144 3009 370 3074 diversitatem
393 3025 436 3072 ne
460 3006 595 3089 dignam
615 3009 751 3092 quidem
772 3009 895 3085 babuit,
920 3026 1021 3091 quem
1048 3025 1246 3072 commemo·

143 3115 244 3188 reret,
281 3108 441 3191 anpius,
472 3110 627 3192 quamvis
663 3116 782 3193 postea
819 3108 991 3192 scripserit
1022 3109 1058 3172 in
1087 3107 1247 3191 Prolego·

145 3212 255 3276 menis
283 3211 328 3275 ad
357 3210 568 3296 Propertium
596 3232 629 3295 p.
663 3229 728 3276 νυ.
766 3216 786 3286 ,’
810 3211 904 3277 Usus
936 3209 1034 3277 valde
1062 3230 1137 3276 sum
1166 3209 1247 3276 Edi·

144 3313 236 3377 tione
266 3311 411 3376 omnium
441 3311 592 3395 principe
622 3309 712 3377 Anni
743 3328 992 3378 uccconxxrr.
1022 3313 1121 3398 cujus
1149 3311 1274 3379 locus.

143 3411 314 3480 incertus!
358 3412 459 3478 Hanc
489 3433 565 3477 cnm
588 3434 687 3479 mauu
714 3414 849 3498 scriptis
872 3414 1045 3479 codicibus
1070 3414 1138 3479 sere
1166 3433 1246 3479 con·

143 3515 340 3579 sentientem
359 3512 592 3599 Broukbuaius
613 3517 747 3580 omuino
765 3516 938 3598 ignoravit.
984 3514 1151 3581 Laudarit
1171 3534 1245 3580 eam

143 3623 286 3700 quatuor
314 3615 358 3680 ad
378 3633 541 3680 summum
567 3615 735 3701 Propertii
764 3617 863 3695 locis,
895 3633 921 3683 ι.
948 3618 979 3682 2.
1002 3618 1036 3682 2.
1066 3632 1109 3680 ιι.
1135 3617 1189 3682 34.
1210 3618 1243 3681 b.

144 3734 199 3783 ιιι.
234 3718 287 3782 17.
328 3717 382 3783 23.
421 3734 471 3783 rv.
507 3719 540 3782 4.
576 3719 632 3784 48.
692 3717 773 3784 Hoc
817 3719 877 3784 ille
924 3720 1069 3784 vocabat
1111 3718 1243 3785 ‘valde

141 3819 212 3886 sti?
255 3817 328 3903 ligo
347 3818 468 3902 quavis
487 3820 614 3903 pagina
636 3821 841 3886 laudassem.
886 3820 977 3886 Nam
999 3819 1135 3886 Codicis
1151 3821 1244 3888 vica·
1275 3833 1293 3867 ’-

141 3921 227 3987 riam
241 3938 317 3986 esse
330 3919 418 3985 hanc
433 3918 634 3999 Editionem,
655 3921 808 4005 inprimis
832 3921 1059 3986 demonstrant
1076 3920 1243 3989 lectiones
1276 3932 1289 3951 ·

142 4021 312 4108 qnaedam,
327 4039 413 4106 qnae
432 4020 546 4085 nullus
567 4021 701 4106 quidem
721 4021 805 4086 liber
826 4021 947 4100 editur,
970 4026 1006 4086 at
1026 4022 1144 4105 scripti
1166 4043 1244 4088 con·

141 4124 276 4189 firmant
288 4121 492 4206 complures,
506 4123 599 4189 velut
612 4123 672 4189 ille
686 4125 769 4189 salis
784 4143 806 4188 a
821 4143 874 4188 me
889 4122 1125 4188 commendata
1139 4123 1247 4189 diver-

142 4226 228 4290 sitas
242 4233 266 4289 t.
284 4225 318 4290 2.
332 4225 387 4289 51.
431 4223 541 4290 ‘Sola
564 4231 673 4290 tenere
696 4223 804 4290 melas
830 4223 962 4291 Medera
986 4225 1109 4290 dicitnr
1134 4224 1248 4305 urtes,'
1278 4286 1281 4291 .

140 4347 205 4415 pro
229 4325 397 4393 ‘herbas’
423 4343 445 4391 r.
465 4329 497 4391 4.
512 4328 565 4393 43.
590 4326 784 4406 ‘Quamvis
806 4335 996 4412 praetexens
1019 4326 1117 4410 picea
1141 4325 1247 4393 serru-

141 4430 217 4513 gine
231 4427 377 4497 eoelum!
420 4428 489 4494 Ubi
515 4448 644 4508 omues,
667 4428 762 4513 quod
783 4429 900 4508 sciam,
924 4426 1101 4492 Editiones
1116 4434 1245 4495 veteres

140 4531 263 4598 habent
292 4531 432 4619 ‘picte,’
459 4539 582 4620 preter
608 4532 796 4617 principem
825 4530 927 4611 illanr,
957 4549 977 4594 a
1005 4548 1072 4614 que
1099 4529 1244 4615 Vulpinr
