2760 5130
127 385 130 390 “
423 385 431 406 Ι

147 476 153 488 ι

553 741 625 789 usn.
651 742 699 789 ιν.
723 743 839 792 curu.
862 730 890 794 l.

169 875 284 941 Cessit
299 884 333 943 et
347 880 490 945 AEtnaeae
506 881 699 967 Neptunius
713 888 825 952 incola
838 889 944 972 rupis,

166 976 271 1043 Victa
287 979 449 1044 Maroneo
464 981 608 1049 foedatus
626 987 754 1052 lumina
766 989 916 1054 Boccho.

166 1078 272 1146 Vexit
287 1086 321 1146 et
334 1083 468 1147 AEolios
483 1086 656 1167 placidum
671 1109 728 1172 por
745 1090 778 1153 N
780 1111 857 1154 ereo
874 1097 1005 1154 ventos

164 1262 286 1311 hnhitutoe
295 1264 387 1313 AEtnaei
397 1265 453 1314 sori
466 1271 603 1316 mentales
614 1268 689 1316 oculis
702 1270 818 1331 oppressis
830 1271 942 1319 Maroneo
953 1271 1048 1320 Boccho
1059 1271 1088 1320 uh
1100 1286 1126 1320 eo
1135 1273 1211 1323 uictus
1218 1281 1261 1330 est,

162 1333 286 1392 natosque
295 1327 385 1377 AEolios
401 1344 478 1379 secum
494 1331 592 1379 couno
609 1347 653 1395 per
671 1334 825 1396 tranquillum
840 1334 950 1384 Nessum.
984 1334 1025 1383 Ad
1036 1335 1145 1384 burburus
1154 1341 1261 1401 peremit

625 1441 806 1462 mmo

161 1504 221 1554 slii:
240 1505 296 1553 Non
306 1507 380 1554 sumit
389 1507 479 1570 cyclops
493 1513 584 1572 tempus
595 1508 656 1558 Par.
677 1517 704 1559 et
724 1510 813 1560 Guelf.
823 1515 848 1560 2.
875 1511 975 1574 Cyclops
986 1511 1063 1560 etism
1076 1510 1200 1560 exhibent
1209 1512 1261 1560 Be·

159 1569 219 1617 roll.
230 1573 252 1618 l.
263 1573 319 1619 Μ.
331 1573 405 1620 Witt.
419 1577 441 1621 l.
451 1576 476 1620 2.
486 1572 601 1621 Broukh.
612 1579 635 1622 l.
645 1578 670 1623 2.
683 1578 707 1625 t.
726 1589 813 1623 omnes
825 1590 867 1638 sp.
884 1575 972 1637 Heyn.
992 1575 1066 1624 Colb.
1079 1576 1154 1624 Vott.
1165 1575 1259 1625 Heius.

160 1638 183 1683 1.
192 1637 217 1682 2.
234 1640 263 1682 et
273 1634 332 1683 edd.
344 1643 408 1684 vett.
433 1641 525 1699 tempus
542 1637 594 1686 dno
611 1638 676 1686 Stet.
693 1640 762 1688 Scsl.
775 1654 828 1688 rec.
840 1646 867 1688 et
879 1640 964 1688 Colot.
1000 1639 1072 1687 botos
1082 1645 1188 1702 captore
1201 1640 1259 1701 Cui.

158 1696 278 1760 reposuit
299 1699 367 1749 Seni.
400 1701 523 1750 mersere
539 1701 600 1752 Per.
635 1708 767 1753 convertere
793 1718 858 1752 nnus
876 1705 1009 1752 stac-oo
1026 1704 1033 1730 ‘
1048 1705 1133 1752 Vslde
1152 1703 1259 1763 lanoet

157 1761 208 1811 hoc
225 1761 388 1824 rocshnlum,
409 1764 522 1827 (Cessit)
537 1779 682 1828 quanquam
703 1768 736 1816 de
753 1768 808 1830 ejus
824 1767 935 1816 veritate
950 1782 1018 1832 „non
1041 1766 1149 1817 dubito!
1176 1766 1257 1828 Heyn.

158 1826 253 1876 cosm
274 1833 389 1891 septumo
413 1828 495 1878 incolo
516 1829 577 1892 ripis
593 1831 681 1879 Berol.
698 1835 723 1880 2.
757 1832 859 1880 stheucoe
878 1837 994 1894 neptunus
1027 1832 1115 1880 Berol.
1143 1835 1255 1880 s.-st

164 1916 236 1978 Ucto,
256 1916 274 1965 i.
293 1929 317 1966 e.
340 1917 425 1980 Uncto,
445 1916 503 1966 cod.
524 1917 594 1978 Lips.
617 1917 684 1982 quod
705 1917 802 1968 hahent
820 1920 908 1969 Berol.
929 1924 953 1968 2.
976 1918 1064 1969 Guelf.
1085 1923 1110 1967 2.
1138 1926 1192 1968 tres
1213 1933 1255 1982 sp.

157 1980 195 2030 Η.
212 1982 289 2030 Voss.
313 1979 364 2030 duo
389 1981 504 2030 Bronkh.
536 1982 578 2030 ed.
608 1996 648 2044 pr.
670 1983 729 2045 maj.
754 1984 848 2033 Vener.
866 1988 891 2032 2.
920 1991 948 2032 et
968 1983 1049 2045 Rheg.
1089 1983 1169 2044 Vota,
1192 1983 1211 2031 i.
1231 1996 1255 2033 e.

159 2044 255 2107 Vincta,
271 2047 296 2094 ln
321 2046 407 2094 Berol.
428 2050 451 2095 l.
480 2045 547 2110 quod
567 2045 646 2095 hebet
663 2046 744 2096 Laud.
780 2049 851 2097 Victo
870 2048 945 2096 Witr.
965 2052 989 2095 l.
1008 2050 1032 2096 2.
1054 2061 1118 2096 unus
1139 2047 1254 2096 Broulrh.

156 2109 224 2173 ch.
246 2108 343 2160 Guelff.
363 2114 388 2160 l.
407 2113 431 2158 2.
452 2113 476 2158 d.
510 2110 609 2171 duroto,
628 2109 709 2174 (quod
732 2118 760 2160 et
782 2113 833 2173 legi
855 2112 937 2175 possit
966 2111 1053 2160 Vincta
1072 2111 1097 2158 lu
1117 2109 1208 2172 codd.)
1227 2111 1253 2158 in

155 2173 263 2223 Venstt.
284 2188 342 2222 cum
360 2175 503 2224 comment.
522 2175 543 2222 C
561 2174 647 2222 llcnii:
664 2173 773 2224 fortusse
796 2178 865 2237 Usta,
882 2175 966 2240 inquit
987 2175 1074 2237 lleyn.
1110 2174 1165 2223 Uos
1183 2174 1253 2238 conj.

154 2236 245 2289 Barth.
276 2238 384 2302 [lutoque
392 2253 521 2287 mutereo
533 2190 712 2302 duab—58
734 2240 832 2290 Venerit
843 2241 921 2289 costos
931 2239 973 2288 ed.
983 2254 1022 2302 pr.
1035 2239 1104 2287 ‘mim
1136 2238 1252 2302 Veoeitqss

652 2383 759 2434 NOTAE

152 2493 214 2530 snus
225 2477 299 2529 ohliti
310 2484 370 2527 sunt
380 2477 486 2539 reverti,
496 2491 560 2541 quos
571 2477 614 2526 vir
628 2478 685 2543 ipse
724 2493 817 2544 nmque
830 2479 959 2543 pollicitus
971 2485 1021 2537 est,
1029 2478 1050 2526 si
1062 2478 1145 2542 iprum
1154 2477 1252 2528 socios·

151 2554 258 2607 tsndem
270 2554 383 2605 reduxit.
401 2554 468 2603 Vide
482 2554 588 2604 Homer.
598 2554 651 2603 0d.
664 2560 684 2605 l.
724 2571 774 2620 que
785 2557 921 2605 incolumes
930 2557 1008 2605 vellet
1018 2555 1160 2604 dimittere.
1187 2556 1251 2604 Cum

152 2630 233 2683 ovis.
247 2629 325 2680 Trist.
341 2644 382 2679 ιν.
401 2636 424 2679 1.
452 2631 510 2680 ‘Sic
526 2646 594 2680 nora
611 2631 684 2681 Duli·
723 2636 810 2679 sutem
822 2631 893 2695 giges
907 2631 965 2680 vino
977 2631 1021 2680 illo
1033 2630 1174 2679 inebriatus
1186 2645 1252 2678 som·

150 2706 210 2757 chio
220 2706 300 2757 Lotos
317 2713 420 2770 gustate
438 2707 536 2769 peleto,
552 2707 612 2770 Illo,
631 2722 682 2773 quo
722 2721 782 2757 num
794 2708 915 2772 cepisset,
927 2709 1033 2771 Ulysses
1045 2706 1095 2770 ipsi
1107 2719 1164 2754 cum
1176 2704 1251 2755 sociis

149 2783 252 2844 necuit,
262 2789 336 2846 grets
346 2798 439 2846 sapore
450 2781 519 2834 suit!
720 2798 810 2833 necem
830 2798 931 2847 parens,
950 2784 1052 2834 oculum
1069 2797 1155 2844 nurum,
1173 2797 1250 2847 quem

183 2862 216 2907 dd
233 2860 335 2908 stem
354 2858 489 2920 Neptunius
508 2858 585 2907 incolo
603 2859 680 2923 rupis]
720 2862 801 2910 solnm
817 2861 843 2910 in
860 2860 946 2910 fronte
954 2860 1078 2921 habebnt,
1089 2859 1172 2909 scutis
1185 2861 1251 2923 pulis

149 2932 360 2998 Periphrnntimr
370 2933 543 2996 Polyphemus
554 2933 680 2996 significu-
720 2939 803 2995 eruit;
821 2936 909 2999 sicque
922 2936 1028 2997 Ulysses
1041 2940 1069 2982 et
1080 2933 1144 2981 socii
1161 2948 1193 2981 ex
1206 2948 1249 2982 sn-

148 3010 279 3073 tnr,dlius
297 3010 423 3073 Neptuni,
440 3024 514 3073 quem
532 3008 608 3073 fingit
626 3010 679 3058 Ho·
721 3017 760 3058 tro
791 3010 945 3071 Polyphemi
972 3009 1022 3056 tuti
1052 3013 1080 3054 et
1109 3006 1249 3056 incolumes

148 3099 236 3136 merus
259 3084 311 3134 Od.
332 3091 361 3134 Α.
396 3084 482 3146 Ulyssi
512 3085 680 3133 vehementer
720 3085 828 3149 digressi
841 3092 909 3134 sunt.

145 3163 360 3226 lrstnmpropter
370 3159 480 3209 eundem
491 3159 679 3223 Polyphemum
751 3166 784 3211 58
799 3161 890 3210 AEolios
909 3174 952 3223 per
969 3159 1048 3207 Nereo
1064 3157 1155 3221 satos]
1172 3157 1249 3209 AEolii

145 3246 318 3290 excecatum.
351 3236 496 3287 Hsbitrbst
514 3237 583 3285 enim
602 3237 679 3301 Poly·
720 3244 779 3288 suut
791 3236 834 3302 qni
846 3235 947 3284 lusnlns
963 3234 1058 3283 AEoliss
1069 3233 1194 3297 incolunt,
1207 3234 1248 3283 vel

145 3315 255 3381 phemur
263 3314 288 3364 in
298 3318 370 3363 sntro
379 3311 487 3375 quodum
493 3312 588 3361 montis
597 3312 679 3362 AEtue
720 3314 762 3378 qui
772 3313 845 3362 AEolo
854 3311 919 3375 Regi
927 3318 1062 3360 ventorum
1071 3317 1173 3373 parent.
1189 3310 1247 3360 1Εο-

145 3392 177 3442 in
193 3390 293 3450 Sicilie,
310 3395 338 3439 ut
357 3389 412 3451 ipse
432 3387 499 3435 idem
517 3387 630 3452 Cyclops
641 3390 678 3439 sit
719 3390 761 3438 liae
774 3397 860 3438 sutem
872 3385 977 3447 Insnlae,
993 3400 1051 3449 quoe
1069 3392 1096 3434 et
1112 3385 1246 3436 Vulcania

144 3465 217 3530 spnd
235 3465 313 3516 Ovid.
333 3465 399 3513 Met.
421 3477 486 3512 xrn.
503 3463 587 3513 ‘Sunt
606 3465 677 3528 mihi,
718 3463 884 3526 dicuntur,in
896 3461 960 3511 msri
971 3460 1103 3524 Tyrrheno
1114 3461 1183 3510 inter
1194 3461 1247 3515 lts·

143 3556 208 3607 pers
231 3541 335 3603 montis,
361 3540 420 3588 rivo
448 3538 588 3602 pendentia
615 3554 677 3589 soso
718 3538 941 3588 linmetSicilinm
958 3536 1099 3596 sitaesunt‚
1116 3537 1245 3600 vulgoque

143 3616 239 3678 Antrr,
250 3615 340 3680 quibus
351 3629 399 3665 nec
410 3614 455 3664 Sol
470 3614 554 3664 medio
565 3616 678 3666 sentitur
715 3622 815 3679 septem
824 3620 1000 3663 numeruntur.
1018 3613 1150 3662 Dicuntur
1159 3617 1246 3660 nutem

143 3692 175 3743 in
186 3691 272 3742 resto)
716 3685 1246 3752 AEolieshAEolo‚quiquondsmihircg·

177 3772 211 3818 st
227 3768 343 3818 Mmuoso
354 3766 458 3827 sadduc
468 3764 557 3816 inmisso
570 3767 675 3831 Buccis]
716 3767 797 3818 navit.
829 3767 943 3829 Fingunt
960 3769 1046 3813 niuem
1064 3760 1156 3812 Poe'tre
1168 3761 1245 3824 Ulys-

143 3845 239 3894 Vinsm
251 3844 403 3893 Maroneum
419 3851 459 3892 est
479 3841 624 3906 Ismarium,
640 3844 674 3893 rh
714 3845 802 3895 semin
813 3843 926 3893 Insulam
936 3839 1043 3890 AEolium
1053 3852 1111 3887 cnm
1123 3837 1245 3900 venisset,

141 3918 210 3970 nrhe
218 3918 317 3969 Ismaro
330 3918 356 3967 in
366 3916 553 3981 Threcinspnd
564 3919 674 3969 Cicones
714 3920 748 3969 ab
762 3920 835 3968 AEolo
848 3919 918 3980 Rege
936 3915 1047 3979 henigne
1058 3913 1137 3964 fnisse
1149 3928 1244 3978 excep·

141 3994 182 4047 sic
206 3993 321 4055 dictum
348 3993 462 4042 lsmsrns
484 3993 553 4042 enim
578 3995 674 4044 dicitur
715 4003 778 4056 tum,
790 3993 823 4043 sb
835 3998 1017 4056 coquerentur
1036 4004 1133 4051 omnes,
1146 3996 1243 4053 praeter

141 4070 222 4120 etism
238 4070 372 4120 Marones.
398 4069 498 4118 Plinius
511 4077 597 4119 tamen
610 4070 673 4120 duas
714 4071 870 4135 Zephymm,
890 4072 949 4116 utre
970 4064 1081 4114 inclusor
1101 4067 1243 4127 scceplsse,

139 4145 673 4198 dirersrsnrheshlsronenmetlsrnsrnm
712 4155 741 4198 nt
750 4148 783 4197 sb
791 4160 822 4196 co
831 4146 885 4196 siue
895 4148 1051 4205 tempeststc
1059 4140 1161 4189 domum
1170 4154 1242 4190 susm

137 4219 213 4274 fucit.
246 4222 311 4272 Cum
330 4227 416 4271 sutem
438 4221 543 4285 Ulysses
564 4222 591 4270 in
608 4222 672 4272 Sici·
712 4230 798 4289 posset
818 4220 966 4283 enavigsrc.
1007 4214 1043 4265 At
1067 4229 1125 4266 cum
1147 4229 1240 4265 novem

138 4299 201 4353 lium
212 4299 313 4350 deletus
324 4299 351 4348 in
363 4297 548 4362 Polyphemum
566 4298 671 4348 incidis-
711 4301 803 4352 diebus
810 4298 932 4362 navigans
939 4297 1042 4358 portum
1049 4292 1161 4354 putrium
1171 4301 1241 4342 teus-

136 4383 191 4441 set,
208 4378 310 4444 sibique
328 4376 398 4427 rictu
414 4377 491 4426 sociis
507 4376 603 4427 inferre
619 4378 670 4428 vim
711 4383 760 4434 ret,
777 4377 884 4439 ipseque
900 4368 1091 4429 obdormiisset,
1106 4374 1180 4418 tsntn
1191 4367 1240 4419 suit

138 4460 255 4520 peroret,
274 4454 414 4518 pluresque
432 4452 487 4517 jsm
514 4451 670 4517 devorasset,
710 4449 872 4501 familiarium
881 4448 937 4510 ejus
947 4444 1047 4507 laetitis,
1055 4445 1180 4509 simulque
1188 4446 1241 4498 ssi·

134 4529 239 4596 ¹gipsnti
255 4527 354 4579 sitienti
370 4540 447 4578 nuum
464 4525 556 4577 osclum
569 4529 620 4577 vini
632 4529 670 4578 ls·
709 4528 777 4577 ditus
801 4524 862 4591 qnid
881 4521 943 4573 illud
963 4528 1034 4572 esset
1056 4523 1240 4587 cognoscendi,

138 4605 224 4670 musii,
232 4603 301 4672 qnod
308 4600 670 4670 uportsrerst,dsdlt,stter·
708 4609 739 4656 ut
749 4605 883 4668 congestu
894 4598 954 4652 illoc
965 4598 1058 4651 mutu
1069 4598 1172 4651 diritius
1183 4598 1239 4667 opi·
