2760 5130
187 764 230 831 ³8
616 776 664 825 ua
687 775 851 825 rrauuuo
925 799 931 810 -

275 919 378 985 Musa
392 920 459 985 sibi
474 919 600 1002 primos
615 939 690 1002 quae
701 919 778 1003 jure
792 917 954 982 adsciscit
968 916 1108 981 honores

273 1022 463 1103 Imparibus
478 1021 636 1097 numeris,
649 1021 684 1084 ni
699 1018 825 1084 blauda
840 1018 1035 1102 Propertius
1049 1037 1109 1083 ora

273 1122 398 1199 Solvat,
413 1126 447 1185 et
460 1123 649 1204 ambiguam
661 1120 767 1186 faciat
780 1119 960 1184 certamine
974 1119 1129 1204 palmam.

293 1303 404 1368 Julius
418 1300 535 1367 Caesar
550 1302 697 1385 Scaliger
710 1302 868 1368 Poeticae
890 1301 965 1365 Lib.
979 1317 1029 1366 vr.
1051 1320 1126 1385 cap.
1138 1302 1171 1365 7.
1276 1357 1279 1366 .

170 1485 174 1492 ¹
231 1454 377 1519 Facilius
399 1474 419 1518 e
439 1453 566 1527 Tibulli
594 1453 679 1518 locis
700 1454 914 1538 expediemus
929 1473 1105 1518 censuram
1119 1457 1266 1529 nostram

188 1553 371 1620 Uniformis
385 1553 441 1618 ille
455 1572 551 1637 paene
567 1560 657 1619 totus
672 1560 738 1631 est,
754 1555 880 1638 vixque
894 1552 1072 1619 discedens
1088 1555 1131 1619 ab
1146 1572 1184 1617 se
1199 1554 1277 1635 ipso

187 1656 302 1720 eodem
317 1673 413 1740 paene
438 1674 518 1739 gyro
539 1655 756 1720 concluditur.
802 1651 912 1719 Audis
933 1655 1021 1718 enim
1035 1673 1147 1731 casas,
1168 1654 1279 1729 focos,

186 1777 273 1834 rura,
295 1775 439 1832 nemora,
460 1757 578 1838 praela,
600 1757 727 1840 spicas,
750 1775 849 1821 sacra
877 1764 946 1821 tum
970 1775 1073 1839 saepe,
1104 1760 1173 1819 tum
1196 1755 1280 1818 mul-

187 1864 267 1921 tum.
313 1850 472 1921 Omnium
486 1875 564 1922 vero
578 1854 796 1935 cultissimus,
818 1877 878 1922 uec
892 1856 1080 1922 redundans
1103 1858 1137 1920 in
1152 1855 1278 1938 Elegia.

182 2027 196 2050 ‘
213 2006 215 2011 Ι
294 2028 491 2106 Ioacbimus'
503 2038 714 2106 Camerarius
728 2041 765 2106 in
779 2041 960 2106 Elementis
972 2040 1172 2106 Rhetorica.

233 2192 304 2275 Ego
327 2210 408 2256 vero
434 2191 566 2274 quoties
590 2191 717 2256 Tibulli
742 2192 892 2256 carmina
915 2191 1001 2274 lego,
1027 2191 1106 2254 nihil
1134 2189 1281 2272 amplius

187 2293 318 2378 requiro
343 2311 450 2375 neque
473 2293 655 2357 venustatis
677 2311 783 2377 neque
803 2293 996 2375 elegantia:
1019 2290 1200 2355 doctrinam
1219 2308 1279 2353 au-

187 2402 254 2460 tem
268 2399 301 2458 et
312 2391 530 2457 eruditionem
546 2391 700 2458 admiror.
744 2392 867 2457 Omnia
877 2400 948 2457 arte
960 2393 1135 2475 studioque
1150 2410 1280 2455 summo

185 2497 323 2561 elimata
345 2493 428 2556 mibi
452 2492 626 2558 videntur:
657 2494 769 2578 itaque
791 2495 828 2559 in
851 2495 999 2558 maxima
1024 2493 1196 2567 facilitate,
1222 2492 1280 2555 illa

175 2604 297 2663 *tamen
311 2613 392 2659 cura
407 2594 644 2658 elaborationis
658 2600 691 2659 et
705 2593 888 2676 diligentiae
903 2594 1117 2678 conspicitur.
1161 2593 1280 2659 Verba

64 2751 67 2758 .
188 2699 330 2781 optima,
346 2696 515 2760 sententiae
530 2695 721 2778 exquisitae,
734 2695 934 2779 compositio
948 2695 1111 2770 omuibus,
1127 2699 1166 2758 ut
1175 2694 1278 2771 aiunt,

186 2797 330 2863 numeris
348 2795 508 2881 perlecta.
552 2795 607 2860 Ex
630 2816 698 2879 quo
724 2815 859 2861 necesse
883 2803 935 2861 est
957 2796 1022 2860 boc
1046 2801 1277 2878 consequatur,

189 2899 336 2964 carmina
350 2906 385 2964 ut
398 2900 467 2963 sint
481 2904 518 2962 et
532 2917 665 2976 canora,
682 2905 716 2966 et
728 2897 911 2982 splendida,
926 2903 958 2962 et
972 2897 1143 2961 concinna.

288 3079 486 3146 Hadrianus
500 3081 675 3146 Turnebus
690 3081 832 3148 Advers.
847 3084 924 3148 Lib.
939 3098 1020 3146 xvi.
1037 3100 1112 3164 cap.
1128 3080 1179 3145 19.
1264 3044 1268 3050 .

232 3211 399 3288 Tibullus,
414 3213 471 3276 ille
485 3212 610 3295 politus
626 3214 806 3298 suavisque
826 3213 945 3291 Poeta,
960 3218 1005 3291 et,
1021 3212 1156 3298 quidam
1177 3211 1279 3278 Pboe·

188 3313 271 3377 beus
287 3313 368 3388 olor,
382 3312 416 3375 in
432 3330 499 3397 quo
521 3313 669 3376 sincerus
692 3332 767 3378 esse
788 3313 920 3378 videtur
940 3320 975 3378 et
994 3316 1153 3395 ingenuus
1169 3313 1279 3378 Latini

189 3413 349 3477 sermonis
364 3431 475 3497 sapor,
490 3411 579 3475 nullo
593 3414 771 3496 peregrino
783 3414 922 3478 vitiatus
936 3433 1053 3477 succo.

388 3595 540 3660 lacobus
555 3597 776 3663 Sanuaaarins
788 3599 862 3663 Lib.
878 3615 917 3663 11.
933 3599 1025 3682 Eleg.
1043 3601 1073 3666 l.

272 3743 452 3811 Battiaden
467 3743 559 3808 docti
573 3749 718 3809 sectatur
731 3743 833 3811 Musa
847 3747 1027 3831 Properti:

312 3845 456 3911 Flaccus
472 3845 671 3933 Pindaricos
685 3847 803 3912 dividit
818 3868 895 3914 aure
909 3850 1039 3914 modos

270 3946 425 4010 Passeris
439 3950 623 4031 exsequias
637 3949 743 4015 fracto
758 3951 845 4015 cauit
860 3971 917 4016 ore
934 3951 1104 4016 Catullus:

311 4047 364 4112 Tu
381 4048 542 4113 Nemesin
557 4052 688 4130 laudas,
705 4054 793 4117 culte
806 4053 948 4132 Tibulle,
962 4058 1060 4118 tuam.

344 4229 366 4294 J
370 4235 465 4294 ustus
480 4231 618 4314 Lipsius
634 4232 715 4297 Ver.
730 4233 826 4299 Lect.
840 4235 915 4300 Lib.
934 4251 957 4298 1.
969 4257 1045 4320 cap.
1060 4238 1114 4301 21.

225 4382 379 4447 Tibullus
393 4381 527 4464 elegans
539 4384 732 4464 cumprimis
745 4383 866 4460 Poiitu,
880 4389 913 4447 et
924 4385 957 4447 iu
970 4385 1067 4466 cujus
1086 4388 1273 4469 purissimis

98 4563 101 4569 Ι
152 4507 155 4514 ’
182 4485 317 4565 scriptis
332 4482 446 4547 nativa
462 4484 615 4565 quaedam
637 4490 669 4548 et
689 4486 866 4549 vernacula
889 4485 1021 4550 Latinae
1045 4488 1165 4569 linguae
1182 4509 1274 4552 mun-

181 4585 265 4649 ditia
283 4585 416 4647 relucet.
