2760 5130
178 772 222 839 14
526 788 665 837 15515.
689 789 722 837 5.
749 786 931 838 uuscrrurr

179 938 263 1011 retu,
279 930 322 996 ad
337 929 514 1007 Catullum,
530 930 714 1009 Tibullum,
738 929 957 1016 Propertium,
975 935 1009 996 et
1025 929 1183 997 Ovidium
1204 952 1277 1016 per-

178 1036 309 1101 tinente.
354 1032 443 1098 Haec
463 1031 588 1112 Editio,
611 1032 700 1118 quod
720 1031 875 1116 Heynius
889 1031 960 1116 jam
976 1035 1117 1111 monuit,
1145 1040 1179 1099 et
1200 1035 1276 1118 ipse

176 1136 309 1224 agnovi,
323 1135 497 1221 conspirat
519 1136 568 1202 ita
581 1155 657 1201 cum
670 1134 808 1201 Venett.
830 1134 927 1201 1491.
942 1135 997 1202 90.
1011 1143 1061 1215 ut,
1074 1136 1275 1221 ubicumque

177 1241 239 1306 hus
264 1239 484 1317 laudaverim,
507 1238 625 1322 paucis
651 1236 738 1302 locis
757 1238 923 1322 exceptis,
949 1236 1073 1304 addere
1097 1237 1276 1322 cogitando

176 1341 288 1428 possis
301 1341 407 1406 illam.
452 1338 569 1404 Habet
582 1337 683 1420 igitur
696 1337 817 1403 Venet.
832 1337 928 1404 1487.
952 1336 1045 1423 quod
1060 1337 1275 1423 suspicabar,

179 1461 203 1507 r.
215 1445 250 1510 6.
265 1443 319 1510 84.
337 1447 348 1478 ‘
363 1440 522 1527 Spectet:
544 1442 578 1505 et
592 1437 712 1504 infelix
727 1437 816 1524 quod
827 1438 873 1505 eit
884 1437 1006 1504 5551115
1020 1435 1154 1506 mouet!
1170 1454 1229 1506 111.
1242 1440 1276 1506 0.

176 1547 208 1611 1.
223 1548 235 1583 ‘
249 1542 360 1623 votis:
375 1548 409 1608 et
423 1560 474 1608 vs.
489 1539 522 1605 9.
534 1540 705 1608 distinctis
718 1540 843 1608 literis:
867 1540 991 1606 ‘Tunc
1003 1559 1079 1606 cum
1089 1558 1277 1625 permenear

176 1647 352 1713 defunctus
375 1653 525 1727 ternpore
545 1641 655 1708 lucis!
700 1641 839 1708 liabent
859 1641 1010 1708 vicissim
1026 1640 1163 1707 Venett.
1178 1642 1276 1709 1491.

180 1748 234 1815 99.
256 1751 268 1782 ‘
281 1743 395 1811 151555
408 1741 505 1823 dies:
520 1757 544 1806 1.
557 1744 590 1808 4.
604 1740 658 1810 00.
678 1760 740 1827 pro
757 1746 768 1777 ‘
783 1743 905 1809 stultos
920 1743 1019 1822 dies:
1032 1742 1124 1829 quod
1138 1760 1276 1829 expres·

176 1867 252 1914 sum
267 1845 403 1913 tandem
417 1845 517 1911 estin
530 1843 649 1910 Venet.
664 1843 760 1908 1500.

219 1947 410 2014 Editionem
430 1944 558 2012 Tibulli
571 1945 644 2010 sine
665 1944 743 2009 anni
764 1947 799 2008 51
816 1943 882 2009 1551
906 1943 1041 2024 indicio,
1059 1945 1276 2030 conjunctam

176 2070 252 2117 cum
273 2045 449 2133 Ptope'rtio
464 2044 539 2113 Jac.
562 2046 690 2130 Beryui
710 2045 804 2130 lips.
819 2063 849 2110 a.
864 2040 960 2111 1495.
985 2047 1074 2131 apud
1090 2045 1276 2113 Martinam

176 2152 485 2235 Lantzbergenrem,
501 2168 578 2233 quae
599 2164 688 2214 nunc
710 2151 820 2213 exstat
843 2147 879 2212 iu
899 2147 1115 2214 Bibliotheca
1137 2146 1277 2214 Heidel-

173 2253 339 2337 bergensi,
360 2250 570 2334 compararit
584 2249 613 2314 Ι.
631 2248 678 2313 H.
698 2245 857 2327 Vossius,
876 2250 946 2334 qui,
957 2250 1072 2317 nescio
1085 2249 1209 2337 quibus
1224 2270 1276 2317 ar·

173 2354 338 2436 gumentis
373 2351 549 2428 adductus,
576 2349 739 2434 putaverit
765 2349 938 2415 Tibullum
966 2350 1167 2434 impressum
1199 2340 1277 2416 esse

174 2454 302 2538 Lipsiee
315 2473 337 2518 5
349 2451 508 2518 Conrado
521 2450 750 2518 Racheloven.
779 2450 867 2516 Saue
882 2451 923 2516 ‹le
934 2451 1102 2537 ejusmodi
1117 2453 1275 2536 exemplo

174 2555 245 2639 egit
259 2556 430 2621 Pannerus
444 2554 541 2621 Tom.
554 2571 578 2620 1.
601 2575 636 2640 p.
647 2555 724 2622 499.
746 2573 778 2618 rr.
790 2554 865 2620 974.
887 2573 1076 2639 provocans
1091 2553 1134 2621 ed
1149 2555 1276 2621 Biblio-

173 2657 304 2722 thecam
318 2656 611 2736 Neostediensem,
624 2654 825 2740 descriptam
841 2675 862 2721 5
876 2656 1065 2722 Scbuiuero.
1110 2654 1216 2740 Atqui
1230 2657 1275 2722 erl

174 2757 313 2823 eandem
348 2758 599 2825 Bibliothecam
635 2763 802 2842 provocet
830 2756 1009 2822 Harlesius
1043 2757 1274 2842 Supplcment.

173 2857 214 2922 P.
233 2876 256 2923 r.
271 2880 304 2944 p.
315 2859 391 2925 350.
413 2863 453 2926 51
468 2858 654 2939 confirmet,
668 2861 704 2924 in
718 2878 759 2925 eu
774 2859 949 2924 exstitisse
963 2858 1133 2923 Tibullum
1146 2878 1191 2924 ex
1205 2858 1275 2924 edi·

172 2961 264 3026 tione
283 2960 429 3028 Comani
450 2961 566 3046 Celtis.
611 2962 682 3028 Hic
698 2981 787 3028 error
806 2962 926 3028 subest
944 2961 1150 3026 manifestus.
1194 2959 1275 3041 Qua

173 3062 215 3127 de
236 3084 273 3129 re
297 3067 420 3132 certius
444 3065 571 3152 aliquid
593 3065 774 3131 allaturum
794 3083 870 3129 esse
893 3065 1049 3149 suspicor
1072 3062 1272 3157 Bardilium,

171 3165 277 3230 virum
302 3167 346 3232 ed
369 3170 454 3232 15155
479 3189 533 3234 ree
559 3168 782 3253 explicandus
806 3174 921 3232 natum
948 3166 1149 3244 aefectum,
1175 3186 1272 3250 quem

170 3266 298 3346 rogavi,
311 3272 352 3331 ut
361 3269 553 3351 exemplum
568 3267 827 3348 Neostadiense,
842 3269 872 3333 si
888 3266 991 3352 copia
1004 3267 1147 3347 deretur,
1162 3266 1273 3333 denuo

137 3393 139 3396 ⁴
171 3371 345 3433 excuteret
359 3387 401 3433 55
416 3368 577 3448 deliniret,
593 3388 635 3435 55
649 3376 739 3437 recte
752 3372 804 3437 vir
817 3370 955 3456 quidam
971 3370 1093 3435 doctus
1108 3370 1273 3452 posuerit,

171 3482 244 3530 esse
257 3467 340 3533 illud
350 3469 632 3550 Tlranuerianum,
646 3490 707 3537 nec
723 3491 872 3557 unquam
887 3473 922 3537 in
933 3488 1042 3537 rernm
1057 3476 1175 3536 natura
1185 3472 1272 3535 exti-

170 3566 254 3632 tisse
267 3567 438 3635 Tibullum
453 3568 756 3639 Kacbelcvianum

214 3668 284 3734 His
308 3669 521 3737 Editionibus
542 3675 590 3740 115
612 3692 693 3740 usus
716 3688 802 3754 sum,
825 3682 875 3754 nt,
894 3672 952 3738 ubi
968 3690 1085 3739 omues
1098 3674 1273 3757 conspire-

168 3767 250 3835 bant
276 3773 309 3836 in
330 3772 475 3839 lectione
504 3775 619 3861 aliqua
646 3795 709 3860 per
738 3795 868 3841 senon
889 3773 1063 3852 mendosa,
1086 3775 1272 3856 posteriore

168 3874 280 3936 tumen
293 3879 446 3959 tempore
461 3876 615 3961 expulsa,
632 3874 753 3944 sedulo
766 3878 966 3962 indagarem,
977 3896 1021 3942 55
1034 3877 1156 3942 Latina
1169 3885 1270 3955 esset,

168 3990 274 4057 eaque
289 3975 345 4041 via
357 3994 453 4063 saepe
468 3979 592 4060 inveni,
608 3982 828 4065 antiquiorem
840 3980 1020 4046 lectionem
1034 3979 1271 4056 revocandam,

168 4074 390 4160 abjiciendam
405 4100 484 4147 esee
499 4082 732 4147 recentiorem.
778 4080 951 4166 Exemplis
975 4080 1133 4165 defungar
1152 4082 1271 4165 paucis

167 4177 371 4260 epluribue:
395 4198 419 4245 r.
433 4183 466 4247 5.
481 4181 534 4247 49.
547 4182 640 4249 55115
654 4202 722 4248 555
737 4180 852 4249 Editio
871 4191 967 4248 vetus
981 4183 1102 4247 habet:
1127 4183 1193 4247 ‘Et
1208 4202 1270 4264 pu-

168 4275 225 4343 det
238 4286 271 4344 51
285 4282 415 4348 narrat’
459 4283 550 4347 Haec
565 4303 646 4349 vera
660 4289 712 4349 est
726 4284 841 4360 lectio,
858 4304 959 4367 quum
975 4284 1059 4348 satis
1070 4283 1269 4347 >confirmavi

166 4376 202 4439 in
221 4379 401 4449 Analectis.
447 4383 545 4449 Adde
562 4402 593 4450 v.
608 4405 638 4450 c.
655 4385 797 4448 Terentii
811 4384 923 4449 locum
945 4384 1035 4449 And.
1061 4400 1084 4446 r.
1101 4385 1132 4447 1.
1147 4386 1178 4448 9.
1223 4383 1270 4449 At

167 4485 349 4564 postquam
364 4486 536 4569 Scaligero
552 4487 587 4551 in
607 4492 751 4551 mentem
768 4487 866 4564 venit,
890 4506 1048 4570 reponere
1075 4486 1151 4564 ‘Et,
1167 4489 1269 4571 pudet

166 4575 369 4661 heu‚²narrut
380 4586 398 4650 τ’
421 4587 479 4652 rix
495 4606 582 4652 unus
598 4595 633 4652 et
647 4589 729 4653 alter
743 4594 889 4670 repertus
905 4595 955 4653 est
971 4587 1098 4666 Editor,
1115 4592 1172 4673 qui
1190 4591 1266 4654 lrinc
