2760 5130
420 709 673 760 nunciarunt
700 709 770 758 nno
794 677 970 761 niausuo.
1180 697 1247 762 568

145 853 269 917 ‘corque'
281 852 374 902 timore
390 852 488 915 rnlcat‚’
507 854 555 904 lunc
576 859 625 915 est,
642 867 681 901 sr-
717 853 796 904 iurum
805 869 882 918 porro
897 854 1050 919 capitellum
1062 853 1216 918 rejiciamus.

150 941 204 981 tem
226 930 351 979 ludicrum
371 938 398 979 et
418 930 492 995 qussi
506 929 681 978 histrionicam

146 1005 681 1070 tacereoccoeprat,atqueinipsnmpec-
877 982 996 1032 CAPUT
1012 983 1083 1052 XVI·
1175 1023 1178 1028 Δ

148 1089 190 1132 tus
201 1082 323 1142 emicare,
336 1089 365 1131 ut
376 1083 491 1146 loquitur
502 1082 617 1131 Plautus.
717 1080 851 1131 variarum
864 1082 891 1130 in
907 1082 1012 1131 Tibullo
1024 1083 1247 1148 lactionumpars

169 1159 256 1220 'Eleg.
268 1157 413 1220 eadem,vs.
423 1162 464 1207 26.
481 1158 516 1207 At
525 1157 592 1206 solis
598 1162 682 1220 aratu,
750 1158 843 1219 alters,
857 1157 890 1206 ad
907 1157 1064 1221 posteriores
1081 1160 1135 1222 ejus
1146 1160 1249 1223 Elegia·

146 1235 236 1295 uses,
255 1233 365 1296 depellite
383 1234 441 1284 tela.
475 1231 490 1260 ·
524 1232 538 1261 “
571 1233 586 1261 “
619 1231 634 1260 '¹
666 1233 680 1261 ⁸
750 1248 805 1283 rum
817 1241 869 1283 tres
880 1233 959 1283 libros
969 1233 1110 1297 partinens,
1118 1249 1152 1284 ex
1160 1250 1249 1285 mann·

146 1296 284 1372 idestisque
299 1311 394 1373 epium
409 1309 500 1359 rustmu
514 1323 598 1373 porcus
615 1309 681 1358 burc.
748 1309 845 1372 scripta
859 1307 999 1358 eorundem
1019 1308 1143 1360 Codicum
1160 1304 1249 1361 aucto'·

147 1385 256 1435 Nullum
278 1386 378 1435 lacunae
401 1386 539 1449 vestigium
558 1387 584 1435 ln
606 1385 681 1435 libris
749 1385 836 1434 ritate.

146 1461 326 1527 chirographis
337 1476 463 1525 apparere
474 1463 523 1511 boc
536 1464 604 1523 loco,
613 1474 680 1511 com·
750 1459 810 1509 bra.
815 1473 847 1509 ιι.
856 1458 959 1522 [614ςηὶ
968 1473 1006 1508 rs.
1016 1462 1058 1510 25.
1070 1460 1248 1524 Euentarapre·

145 1539 264 1590 moniti
252 1551 308 1602 Jatn
325 1536 424 1602 pridem
439 1537 561 1588 alibulll
579 1551 680 1588 enarra·
716 1549 770 1584 cor:
786 1533 863 1584 rides'
872 1533 1149 1599 alselicibasextiutpr.
1166 1537 1248 1587 Vates

146 1614 247 1664 toribus
266 1628 364 1674 sumus,
395 1613 463 1678 quod
486 1613 588 1679 quidem
611 1626 680 1663 nnnc
717 1608 806 1659 Codex
821 1609 1038 1660 comburentis.
1072 1611 1146 1661 idam
1163 1627 1248 1676 porro,

145 1690 255 1739 Hercule
278 1688 415 1754 primulum
433 1689 570 1739 verisimile
586 1688 616 1738 tit
634 1689 680 1738 mi·
716 1701 742 1736 ι.
759 1692 801 1737 46.
827 1689 949 1751 Quum
965 1690 1039 1739 uiridi
1052 1689 1142 1750 fronde
1156 1693 1247 1754 operire

144 1766 190 1827 bi3
201 1771 335 1829 postquam
347 1765 429 1829 Lipsii
444 1765 495 1814 mei
504 1763 681 1814 munificentie
715 1777 808 1813 msam:
824 1778 870 1827 pro
881 1767 983 1828 domans,
995 1764 1065 1830 qtrod
1076 1767 1103 1815 in
1116 1767 1248 1835 impressis

146 1842 254 1893 taudem
276 1843 362 1906 hujus,
388 1855 463 1905 quam
488 1839 681 1903 subjungams
715 1841 793 1904 vulgo
812 1842 954 1894 lectitatur.
988 1842 1075 1893 Etiam
1096 1842 1179 1905 insita,
1195 1858 1247 1892 non

145 1918 232 1967 reteri
253 1916 349 1967 Codice
366 1917 496 1966 Lectionis
515 1916 613 1965 certior
622 1930 678 1965 aurn
714 1918 814 1979 murita,
832 1918 927 1980 legitur
943 1917 968 1966 iu
985 1917 1076 1967 eodem
1094 1919 1246 1981 exemplari,

143 1990 252 2042 fictori
269 1991 412 2041 Hostiumit
429 1992 500 2059 pleno
513 1991 613 2054 44044644
624 2005 678 2052 por·
714 1992 760 2041 illo
777 2007 852 2042 versu
865 1997 906 2043 46.
933 1994 997 2043 iisse
1012 1995 1089 2043 rictu
1104 1993 1183 2043 attae
1195 1995 1248 2054 feri

143 2069 263 2118 micro.
298 2067 678 2129 Hasepsrucamoestesequor,
715 2073 770 2118 tusc
789 2069 879 2119 consito
905 2084 994 2132 promus.
1028 2069 1142 2120 Eadem,
1156 2069 1247 2130 Elegia

144 2147 190 2208 04.
206 2142 487 2209 quacobaerentiujsm
500 2141 679 2192 indeabiiex·
716 2158 753 2192 ss.
767 2148 808 2193 82.
834 2145 868 2194 Et
882 2146 965 2208 proesl
978 2145 1086 2195 munster
1096 2145 1150 2194 bisc
1163 2159 1246 2207 precor

145 2216 444 2282 ametroillosuperioro,
455 2231 591 2281 perperam
602 2217 679 2267 istinc
714 2218 773 2269 abde
784 2219 867 2280 socer:
885 2235 931 2284 pro
948 2235 999 2284 quo
1015 2222 1041 2270 iu
1061 2220 1245 2284 manuscriptis

145 2294 250 2363 divulso
266 2293 440 2356 diapoboqnn,
452 2291 514 2340 nibil
532 2292 620 2356 utique
631 2305 678 2355 pro
715 2303 788 2345 erut:
805 2297 860 2346 bisc
874 2298 956 2359 praesu
971 2297 1029 2345 obde
1040 2294 1116 2355 socer.
1151 2295 1245 2358 Neque

144 2376 179 2420 re
197 2375 259 2418 nats
270 2367 357 2432 aptius
373 2373 418 2415 ant
434 2366 592 2415 concinnius.
626 2367 679 2415 Du·
715 2371 798 2422 aliena
809 2371 981 2421 nimiombuic
991 2371 1048 2421 loco
1060 2372 1185 2434 ejusmodi
1197 2373 1245 2420 ite·

144 2443 204 2496 biso
215 2450 312 2504 tamen,
322 2456 355 2490 ne
364 2441 482 2492 Tibullus
492 2441 623 2504 scripserit
635 2456 680 2504 po·
715 2448 789 2508 ratio,
806 2449 883 2499 etiam
900 2448 1028 2512 sesilgerl
1047 2449 1126 2513 ipsius
1145 2450 1245 2499 calculo

144 2519 217 2570 tiss·
236 2517 326 2568 Hostia
341 2517 388 2567 erit
400 2519 477 2580 pleno
487 2517 586 2580 munim
595 2532 679 2580 porrus
715 2523 892 2588 comprobata

143 2592 221 2647 hde-
253 2594 390 2644 Sedcrro:
407 2594 551 2657 pimenitlt
562 2595 620 2642 hura
629 2601 680 2657 esi,
747 2600 803 2650 Lib.
816 2614 847 2649 11
859 2600 965 2664 Elem
976 2615 1013 2650 va,
1026 2604 1066 2650 10,
1085 2601 1124 2649 En
1135 2603 1246 2662 mquid

146 2672 171 2722 si
189 2670 253 2721 isare
272 2672 350 2736 plens
366 2669 447 2719 t'uerit
466 2669 537 2731 mibi,
555 2668 677 2734 uberiqne
714 2674 807 2726 ceum?
822 2677 906 2728 aunis
922 2676 980 2733 {1125
1004 2690 1072 2736 roga.
1094 2673 1189 2722 Annuus
1202 2673 1244 2723 bu

144 2747 214 2798 suilli
236 2747 336 2812 pecoris
356 2745 421 2795 toetu
438 2747 516 2796 Lares
531 2745 677 2795 Grunduies
714 2751 943 2802 bantinembrunm
955 2759 1069 2800 veteres.

144 2822 273 2874 cultorem
283 2836 355 2872 suurn
367 2835 400 2871 ex
411 2822 541 2871 sententia
553 2822 678 2884 compoti·
747 2825 804 2875 Lib.
815 2839 845 2874 ιι.
863 2825 974 2889 411436
992 2829 1064 2876 vs..l
1081 2825 1150 2875 Rura
1166 2813 1245 2875 tenent

144 2899 233 2948 verint
245 2898 361 2962 propitii
715 2903 899 2952 demutemus
909 2902 1015 2966 mboque
1023 2903 1133 2966 puellam
1150 2903 1247 2952 Trans·

178 2972 210 3024 lta
223 2973 312 3023 eodem
324 2973 476 3037 exemplati,
489 2987 525 3022 vt·
536 2975 577 3021 8⁰·
589 2971 677 3036 44840·
714 2979 798 3043 posita
814 2979 871 3028 brec
890 2979 915 3027 in
935 2978 1121 3042 manuscripto,
1141 2979 1172 3027 ud
1196 2979 1244 3027 boc

142 3052 195 3115 gie
212 3051 294 3101 sumtu
315 3052 391 3115 pallas
416 3065 492 3115 uque,
515 3064 567 3100 non
593 3050 679 3113 puppis
712 3054 875 3117 exemplum.
901 3054 969 3102 Rura
989 3067 1064 3102 meurs
1085 3043 1189 3102 emente
1207 3059 1242 3102 te·

143 3142 222 3193 apsa,
237 3128 415 3178 lectitabatur.
448 3127 499 3178 Sed
519 3134 555 3189 et,
577 3142 615 3177 vs.
634 3131 675 3177 46.
712 3133 778 3178 sest.

145 3205 228 3255 nuzo
250 3209 358 3253 emtores
372 3201 442 3252 rub
427 3218 491 3265 puga
507 3205 587 3265 parda
602 3203 678 3263 boses,
745 3202 842 3253 Eadem
855 3202 955 3266 Elegia,
967 3202 1000 3251 de
1009 3201 1108 3251 Pluebo
1118 3216 1166 3266 per
1178 3216 1245 3258 arno·

144 3283 198 3330 nou
212 3283 329 3343 αιι4ι6ω,
342 3280 381 3329 nti
393 3279 471 3328 estin
487 3280 596 3339 nostris;
619 3294 676 3345 qum
714 3294 768 3329 rem
788 3279 1023 3336 bubulci'tsute‚vs.
1042 3283 1081 3328 16.
1108 3279 1161 3342 ipse
1180 3281 1245 3330 Deus

143 3355 282 3419 scriptura,
301 3368 359 3404 mco
384 3354 486 3418 quidem
510 3353 603 3414 auimo,
621 3368 676 3417 prae
712 3356 789 3405 solitis
796 3355 893 3405 stobslis
901 3356 1112 3419 apollenarem,
1122 3355 1155 3402 Et
1162 3358 1245 3417 'potam

143 3429 271 3493 Hpsiaua
288 3429 343 3491 illa,
361 3442 438 3493 quiam
457 3427 677 3491 propendente,
710 3431 1036 3496 pmtasdacerestsminibsn.
1058 3430 1125 3479 Mire
1137 3430 1177 3479 lric
1190 3437 1244 3479 tnr-

143 3504 299 3569 ‘pitbecium
312 3511 361 3567 cst,
377 3512 405 3554 et
421 3503 635 3567 spinturnicinm,'
647 3511 676 3552 ut
712 3507 1052 3571 bantautiqusexemplsris
1063 3523 1070 3567 ;
1081 3506 1244 3556 insliisenim

144 3581 231 3646 lnquit
239 3580 357 3630 Plautus.
390 3578 477 3631 Quid?
488 3578 557 3642 qnod
567 3579 599 3628 sb
607 3587 676 3628 utro·
707 3581 795 3642 fossus,
804 3596 850 3644 pro
859 3585 956 3644 pastum
974 3580 1000 3630 in
1011 3582 1065 3637 sliis
1074 3590 1164 3634 eontra
1175 3589 1246 3635 totns,

144 3671 196 3722 qus
224 3664 341 3707 nostrum
364 3656 444 3706 etism
475 3655 584 3706 Ovidius
611 3653 676 3704 iacit
712 3657 941 3708 istePeutameter
958 3657 1131 3721 interpolatus
1148 3658 1244 3721 legitur

144 3735 218 3786 Psst.
240 3749 260 3786 ι.
278 3746 400 3785 narrans:
423 3733 560 3783 ‘Cedebst
586 3739 674 3783 taurus
712 3730 939 3784 adiunctaciem:
957 3732 1244 3783 Creditsradmalctrcm

143 3810 325 3875 aratoreqno!
672 3854 675 3860 1
711 3808 946 3871 cmituirsepeeas.

177 3886 253 3950 Eleg.
273 3886 375 3948 eadem,
385 3899 422 3934 νι.
435 3889 476 3934 64.
494 3884 607 3934 nmen
617 3898 629 3932 e
639 3884 674 3932 lu·
744 3882 853 3953 Eadem,
863 3896 898 3932 vs.
910 3886 951 3931 66.
976 3882 1011 3931 At
1023 3883 1164 3946 tapeinosis
1178 3885 1201 3931 is
1211 3898 1244 3942 es,

142 3970 214 4025 esque
233 3961 298 4010 sebit
314 3961 375 4009 male
395 3960 486 4008 sobrius
501 3959 552 4023 ipso
572 3959 675 4007 Uxorem
711 3955 910 4015 csitridifrosle
920 3957 1011 4019 Cupido
1019 3958 1244 4021 Impertsoenmra

142 4036 248 4100 mro
264 4035 445 4099 progeniemque
461 4037 560 4083 dorm
592 4034 694 4082 Veter'*
711 4031 987 4081 sisttsacastrcdosro.
1020 4025 1243 4082 lureteriexem·

144 4113 234 4164 Codex
254 4126 305 4161 uon
324 4112 384 4175 ipso,
405 4110 451 4160 sed
468 4125 514 4159 aso
525 4107 674 4168 referebat·
713 4108 757 4171 plo
774 4112 831 4157 est:
855 4107 968 4171 Imperat,
983 4112 1010 4156 ιι4
1026 4111 1116 4168 ιοι4ιιι,
1134 4108 1175 4168 iu
1192 4109 1244 4169 quo

143 4187 245 4255 quodsi
261 4188 303 4238 cui
318 4187 452 4251 probetur,
461 4187 584 4235 unitatem
599 4185 674 4234 istam
712 4181 815 4246 quidem
831 4182 889 4231 ioco
906 4194 966 4244 ego,
984 4186 1020 4242 st,
1040 4194 1087 4243 pro
1106 4178 1243 4238 ‘utinamf

140 4266 257 4330 plaustro,
278 4278 328 4313 non
354 4265 414 4325 laco,
433 4261 674 4312 accommodandam
712 4258 823 4321 positum
836 4257 945 4321 accipio,
954 4256 1075 4322 loquendi
1088 4256 1141 4306 ritu
1152 4270 1244 4319 priscis

143 4341 291 4392 meminerit
315 4338 374 4390 sibi.
406 4299 459 4388 'sed
486 4337 604 4402 quoniam
625 4338 675 4386 boc
712 4332 822 4381 illisuoo
837 4331 949 4383 insolito.
982 4332 1086 4384 Quode
1104 4329 1244 4391 re,Cbari·

137 4416 195 4480 jam
204 4414 401 4478 Caputlongius
414 4413 491 4462 etiarn
499 4413 573 4479 justo
584 4425 674 4462 exere·
711 4408 775 4459 sium
778 4409 839 4473 ,qui
852 4409 930 4470 volet,
940 4409 1075 4459 consulito.

120 4491 192 4553 vit,
198 4504 319 4554 priorque
328 4489 423 4538 Tibulli
434 4488 498 4536 liber
510 4488 542 4536 ad
554 4486 674 4537 exodium
745 4484 853 4546 lisdem,
863 4498 900 4532 vs.
911 4487 951 4532 51.
971 4483 1047 4544 Eleu,
1055 4480 1242 4531 diuitibssoideo

143 4565 272 4618 adductus
296 4572 337 4615 est
358 4566 472 4626 tandem,
495 4564 594 4628 reliqua
616 4579 674 4628 quo>
709 4562 813 4624 gaudem
821 4561 920 4624 paellae
940 4559 972 4608 ln
984 4559 1075 4609 eodem
1086 4559 1152 4609 libro
1164 4558 1245 4610 diser·
1295 4553 1297 4562 “

141 4649 318 4707 retroneum
329 4641 378 4693 Dia
391 4639 548 4703 solentibus,
558 4641 583 4690 iu
598 4652 673 4705 prox·
712 4638 767 4701 tim,
779 4635 827 4689 Hel
835 4635 904 4698 miii,
914 4633 1037 4695 diuitibus,
1048 4633 1192 4700 legebatur.
