2760 5130
258 1261 537 1379 NOTAE
589 1263 1123 1387 VARIORUM

671 1564 712 1614 IN

214 1808 437 1897 ALBII
488 1808 818 1902 TIBULLI
870 1813 1152 1904 OPERA.

512 2126 873 2162 w

570 2367 735 2443 LIBER
775 2368 809 2443 l·

314 2612 449 2664 ELEGIA
469 2614 492 2663 l.
711 2624 902 2679 contuentur,
920 2619 986 2669 Cum
997 2626 1242 2671 memoranteactos

174 2691 188 2736 l
210 2687 394 2752 Divitiasait'as]
411 2689 671 2755 HaecElegiaordine
710 2708 813 2758 semper
824 2694 1031 2746 doloradmouet
1042 2697 1141 2748 annos?
1174 2699 1242 2749 Nam

138 2764 226 2828 prima
247 2773 297 2827 est,
318 2766 364 2814 sed
389 2775 505 2829 tempore
528 2773 671 2830 postrema;
711 2769 848 2833 postremis
868 2769 985 2819 uersibus
1006 2773 1082 2834 plane
1103 2771 1242 2836 protitetur

137 2853 199 2888 nam
210 2840 295 2903 lapsas
304 2842 396 2904 opibus
404 2843 521 2891 'libuilus
530 2843 636 2892 secessit
646 2842 672 2889 in
712 2858 741 2893 se
750 2844 877 2907 pnuitere
886 2844 951 2906 ejus,
961 2848 1034 2909 cujus
1047 2854 1073 2896 et
1084 2848 1205 2896 Horatius
1214 2863 1242 2897 se

137 2915 263 2978 agellum,
279 2917 323 2980 qui
341 2918 378 2966 ilii
396 2918 523 2981 superfuit
542 2934 574 2968 ex
592 2918 672 2981 putri·
713 2920 839 2983 paenitere
847 2919 1155 2972 nondissimuisnterait:
1172 2922 1244 2972 ‘Hel

134 2992 221 3040 nsouii
238 2991 384 3055 naufragio,
401 2995 425 3042 in
440 2996 544 3057 regione
556 2995 672 3043 Pedana.
713 2994 785 3052 milti,
803 3007 850 3055 per
871 2993 961 3042 urbem
980 2996 1049 3059 (uam
1071 2996 1153 3059 pudet
1176 2996 1243 3046 tanti

140 3065 220 3115 Unde
232 3066 373 3118 Horatius:
392 3070 446 3117 ‘Di
460 3071 506 3118 tibi
516 3071 619 3119 divitias
629 3070 672 3117 de·
714 3066 798 3131 mali‚)
814 3067 913 3116 Fabula
931 3077 1028 3133 quanta
1045 3070 1097 3120 fui:
1114 3072 1243 3122 convivio·

140 3139 509 3207 dersutartemquet'ruendi.'
535 3145 674 3195 Manifesto
715 3143 948 3207 rumetpoeultet.'
983 3144 1245 3209 Quist‘erateos,qui

140 3218 212 3268 enisu
231 3219 346 3268 ostendit
366 3235 423 3269 eum
443 3221 567 3271 exhausto
588 3222 674 3285 opimo
715 3219 866 3278 dicuntnon
883 3217 1033 3283 prodegisse
1050 3222 1244 3285 patrimonium,

140 3294 298 3359 patrimonio
320 3311 448 3344 secessum
475 3297 540 3345 ruris
562 3297 674 3361 petiisse.
715 3294 761 3342 sed
772 3309 848 3359 agros
860 3295 916 3359 ejus
928 3297 1071 3360 assignatos
1082 3297 1181 3348 fuisse?
1198 3299 1245 3348 At·

142 3371 190 3432 nt,
202 3370 224 3417 si
242 3371 398 3434 conjecturae
418 3373 488 3421 iocus
505 3380 556 3432 est,
573 3372 675 3422 uidetur
716 3369 760 3433 qui
772 3369 809 3418 ita
820 3371 890 3420 clare
901 3372 1024 3435 loquitur,
1040 3374 1156 3424 utuliter
1167 3374 1247 3424 inter·

141 3459 207 3510 opes
215 3446 298 3494 avitas
308 3447 333 3494 in
343 3447 473 3497 amoribus
483 3447 638 3511 profudisse,
647 3453 675 3496 et
715 3447 876 3510 pratari,lsoc
886 3447 919 3497 sit
928 3449 1019 3498 Latine
1029 3449 1138 3500 nescire.
1171 3450 1246 3499 Dicit

140 3535 237 3584 mnu
255 3523 409 3585 patrimonio
427 3523 571 3586 imminuto,
588 3525 628 3574 ira
644 3539 675 3573 ac
714 3521 783 3571 enim
794 3536 822 3569 se
830 3521 939 3571 divitem
950 3521 1039 3581 fuisse,
1051 3532 1079 3573 et
1088 3523 1177 3574 statim
1188 3524 1246 3573 snb·

142 3598 234 3648 dolore
246 3599 333 3659 animi,
350 3613 392 3648 rus
408 3615 435 3649 se
447 3601 585 3650 abdidisse.
620 3601 675 3649 llo·
710 3597 771 3661 jicit
782 3612 810 3647 se
825 3598 951 3660 poeultere
969 3614 1093 3649 annornm
1114 3606 1245 3649 anteacto·

142 3674 226 3724 ratius
237 3675 264 3723 id
275 3676 350 3738 plane
360 3676 473 3726 indicat:
491 3678 570 3726 ‘Nou
580 3684 608 3727 tn
617 3692 675 3726 cor·
715 3688 781 3734 ruru,
800 3673 900 3737 qsroties
918 3689 933 3723 e
952 3676 1057 3739 quantis
1077 3674 1246 3725 facultatibus

143 3751 446 3815 pnsersssinepectorc:
461 3753 674 3813 Ditibiiormam,
715 3747 852 3809 exciderit,
871 3749 998 3801 meminit.
1031 3751 1099 3800 Sane
1111 3764 1161 3798 non
1179 3752 1246 3800 solet

144 3826 180 3876 nt
193 3825 240 3876 tibi
257 3826 362 3876 divitias
382 3826 528 3878 dederant!
561 3830 595 3878 Et
614 3843 675 3877 saue
716 3826 842 3889 poenitere
854 3840 900 3875 uos
916 3828 1000 3889 culpae
1013 3826 1115 3888 alienae,
1130 3824 1177 3874 sed
1189 3839 1246 3873 uos·

142 3900 283 3951 aristeum
300 3915 331 3949 eo
348 3903 449 3952 nomine
467 3903 676 3953 consolarivide·
717 3907 774 3950 trae.
808 3901 924 3950 Poeuitet
945 3915 1003 3949 eum
1025 3902 1174 3949 amissorum
1201 3900 1246 3949 bo·

144 3983 199 4036 tur,
211 3990 289 4040 quum
300 3977 339 4025 ita
349 3979 433 4030 cauit:
452 3979 676 4042 ‘Albi,uedoleas
717 3988 816 4023 norum.
849 3975 919 4036 Ergo
934 3975 1010 4037 culpa
1026 3989 1074 4023 sna
1090 3974 1185 4034 amisit,
1196 3987 1248 4022 non

144 4051 204 4116 plus
222 4052 318 4112 nimio,’
334 4056 384 4101 &a
425 4053 461 4103 At
478 4056 532 4118 ipse
554 4056 631 4118 piane
649 4061 677 4104 et
717 4064 749 4098 ex
785 4049 958 4112 assignatione
986 4054 1032 4097 aut
1065 4048 1248 4112 perticatioue.

145 4135 330 4192 paupertatem
353 4144 425 4178 suam
447 4131 625 4194 conqueritur,
649 4136 676 4179 et
717 4125 804 4177 Quid?
823 4124 892 4189 quod
917 4139 951 4173 cx
973 4124 1083 4173 Horatio
1107 4130 1160 4173 itm
1177 4123 1248 4172 clm

145 4203 263 4255 dolorem
277 4203 416 4267 profitetur
432 4205 457 4254 in
470 4206 632 4269 Panegyrico
645 4205 677 4254 sd
718 4201 858 4263 colligitur.
901 4199 952 4249 Sed
983 4197 1045 4263 quid
1075 4206 1128 4249 utu
1153 4198 1247 4261 inique)

146 4280 301 4330 Messalam:
320 4280 483 4341 ‘Nam,milri
493 4294 569 4345 quum
579 4282 679 4342 magnis
720 4275 918 4326 contradictioni
935 4275 1058 4324 occurro?
1090 4273 1151 4338 Ipse
1167 4278 1249 4322 semet
1278 4275 1280 4278 ’

146 4355 244 4421 opibus
261 4357 352 4407 domus
369 4357 421 4407 aits
438 4358 545 4418 niteret,
561 4356 608 4405 Cui
625 4355 680 4404 fue·
720 4365 766 4399 suto
790 4352 837 4400 sibi
859 4351 944 4414 gladio
963 4351 1077 4414 jugulat.
1120 4350 1187 4399 Haec
1203 4348 1250 4407 igi·

148 4437 211 4482 rant
221 4430 281 4480 ilasi
298 4432 414 4481 ditantes
430 4433 520 4481 ordine
537 4432 600 4479 sulci
613 4431 681 4479 Hor·
721 4432 764 4475 tar
783 4425 874 4474 scribit
893 4426 918 4473 in
938 4426 1061 4489 praediolo
1078 4439 1124 4473 sno
1142 4423 1249 4473 Pedsno

147 4521 206 4567 res,
222 4506 356 4557 faecundas
367 4506 399 4556 ad
411 4507 559 4556 deliciantis
576 4520 682 4567 messes,
721 4500 753 4550 ad
766 4502 904 4551 Messalam
921 4503 1058 4551 Corvinum
1074 4510 1128 4550 turn
1145 4502 1170 4550 in
1188 4501 1250 4551 Cill-

149 4613 190 4634 ..υ
204 4583 282 4632 Nunc
297 4583 452 4633 desiderium
470 4590 604 4646 superest:
623 4595 680 4629 uam
721 4579 786 4626 uiam
797 4576 1022 4642 proticiscentem:
1038 4593 1113 4644 quem
1123 4578 1253 4632 etiamen·

216 4663 305 4728 neus.
314 4667 338 4713 si
352 4664 408 4714 Vos.
419 4665 483 4714 Cios.
663 4659 742 4710 Tibul.
951 4713 954 4718 ,
1129 4664 1144 4709 2
1163 4660 1185 4708 Α
