2760 5130
427 727 681 778 nemorosum
707 729 777 779 ruo
802 729 974 778 uraunso.
1180 704 1245 779 549

149 875 203 932 sat,
219 882 251 925 ue
266 868 354 919 Cesar
373 867 458 919 sairns
478 869 577 920 rediret
595 883 628 918 ex
648 884 679 918 es
749 878 790 921 tus
815 871 971 935 plenissime·
1011 869 1042 920 in
1064 872 1244 935 manuscriptae

148 945 368 1009 peregrinatione,
392 959 468 1010 quam
499 945 622 1008 parabat:
651 952 679 994 et
748 947 866 995 lectionis
884 946 1041 996 seutentiam
1059 944 1131 996 tincta
1150 945 1246 998 disces·

147 1018 290 1082 adjecerat,
305 1018 374 1068 idem
390 1033 478 1069 omnes
496 1028 525 1068 et
543 1027 630 1070 tauros
651 1029 679 1069 et
748 1020 796 1071 sio.
828 1022 871 1070 De
893 1022 990 1085 optimo
1010 1021 1171 1071 versificandi
1201 1035 1245 1086 ge·

100 1104 126 1121 ·’
146 1094 245 1144 vituios
257 1101 357 1157 optare.
390 1096 515 1156 Fuerunt,
531 1097 679 1161 quiilladi·
748 1108 820 1157 nere,
844 1096 1000 1159 antiquaque
1031 1111 1061 1146 ac
1091 1098 1244 1147 exammairu

144 1169 261 1234 iigenter
283 1171 411 1222 audirent.
451 1173 488 1222 Ut
509 1173 618 1235 primum
640 1174 679 1222 di·
747 1170 858 1220 Poiitica
879 1186 1042 1221 numerorum
1065 1173 1173 1236 ratione,
1201 1188 1245 1223 cn·

145 1245 224 1307 inxit,
240 1258 339 1309 serens,
354 1246 398 1310 qui
417 1247 531 1296 coenanti
546 1247 579 1296 ad
599 1248 678 1311 pedes
747 1245 814 1295 riosa
825 1260 855 1296 ac
867 1247 1001 1311 multiplex
1013 1247 1177 1311 disceptatio.

146 1326 270 1383 steterat,
294 1328 382 1371 narrat
403 1336 460 1385 quse
482 1322 552 1372 iuter
579 1337 677 1373 emnam
746 1323 875 1374 Esusnsss
886 1324 947 1374 libri
959 1326 1049 1389 Elegia
1061 1339 1099 1374 vr.
1114 1332 1141 1374 et
1153 1324 1243 1374 ultima

145 1394 235 1446 ebrius
254 1396 373 1446 dixisset.
412 1397 541 1448 Hortatur
562 1412 631 1461 eum,
648 1405 677 1448 at
713 1399 901 1449 inscribitur:
920 1401 1146 1456 Quodsimilillbrss
1160 1413 1243 1464 perses

146 1471 278 1522 Caesarem
290 1472 495 1537 occupet,'atque
504 1474 559 1538 ipsc
568 1473 677 1525 sedesc-
713 1475 761 1523 erit
771 1475 809 1523 lsic
820 1489 909 1538 qaoque
922 1476 988 1524 mdes
1007 1476 1068 1538 lpse,
1084 1477 1158 1525 lesem
1171 1477 1243 1537 galee

144 1553 196 1597 rat.
231 1547 300 1596 Usus
317 1548 423 1597 consilio
439 1549 609 1600 descendenti
621 1551 676 1600 Cae·
713 1551 986 1614 qaisibs’potstnqesm.
1011 1551 1095 1602 Quam
1104 1552 1242 1601 lectionem

144 1622 198 1673 sari
209 1624 331 1673 mcurrit.
364 1625 476 1674 Etcum
496 1626 589 1674 melum
607 1640 677 1675 men·
713 1634 788 1677 tanto
795 1627 850 1690 jam
863 1634 979 1692 tempore
987 1626 1146 1689 exemplaris
1154 1632 1243 1675 nostra

145 1704 200 1748 tem
218 1698 336 1749 babuisse
356 1714 384 1749 sa
405 1700 489 1763 pridie
506 1701 632 1763 jurasset,
649 1702 675 1750 id
712 1703 847 1766 insedisse,
868 1716 969 1768 nequeo
987 1704 1093 1753 hercule
1112 1703 1175 1753 satis
1196 1703 1243 1751 mi·

144 1778 177 1825 ut
193 1773 219 1822 in
236 1788 264 1824 se
282 1781 310 1824 et
320 1773 386 1823 filios
404 1789 463 1824 suos
475 1775 616 1836 recideret,
630 1790 676 1839 op·
713 1777 780 1826 rari:
799 1793 881 1842 usque
900 1792 1044 1843 quenquam
1061 1785 1193 1840 repertum
1205 1777 1242 1825 in-

144 1848 227 1899 terit:
244 1854 273 1898 st
284 1849 413 1900 cesarem
424 1860 454 1899 nt
465 1850 614 1914 ignosceret
626 1851 676 1901 sibi
713 1858 796 1910 terea,
813 1855 856 1916 qui
876 1855 916 1902 rel
936 1853 1086 1903 tenuissime
1096 1852 1242 1914 suspicione

145 1922 296 1989 rediretque
315 1924 466 1989 ingratiam
485 1940 583 1989 secum,
602 1942 675 1991 roga·
712 1926 841 1977 adductus
853 1942 908 1977 rem
918 1929 945 1977 in
954 1928 1118 1991 quaestionem
1127 1928 1242 1977 vocitare

143 1997 265 2064 νῖψαι.
297 2000 390 2065 Neque
407 2002 676 2067 aliovorsumrespex·
712 2004 891 2053 saitemausus
908 2002 989 2052 fuerit
1008 2004 1049 2051 vel
1067 2002 1155 2051 semei.
1187 2001 1241 2051 Sed

142 2074 196 2124 isse
204 2075 315 2125 arbitror
326 2076 455 2126 (letalium
466 2075 614 2127 Pbaleuciis
625 2078 675 2126 iiiia
711 2079 751 2129 iris
772 2080 873 2130 omissis
899 2080 1106 2131 emendationem
1134 2079 1241 2128 tandem

143 2152 362 2207 lambicantibns:
383 2158 391 2185 ⁸
411 2157 536 2208 Quoenam
559 2164 585 2206 te
607 2157 674 2207 maia
711 2162 826 2205 nostram
858 2157 884 2206 in
915 2156 1028 2206 medium
1060 2154 1239 2219 proferemus:

143 2242 227 2294 mens,
242 2230 340 2281 miselle
352 2232 463 2294 Rauide,
479 2232 543 2297 Agit
555 2234 674 2297 praecipi·
712 2231 811 2288 Quodsi
822 2231 937 2281 milatibas
953 2246 1036 2296 posces
1046 2246 1085 2281 ero
1098 2236 1121 2280 et
1136 2231 1175 2280 bie
1185 2245 1240 2293 qas-

142 2306 232 2356 bsmin
244 2307 456 2357 meoslambosi'
710 2308 831 2368 qaessiles
843 2308 904 2370 lpse,
914 2311 955 2371 trs.
968 2314 996 2357 ut
1007 2305 1239 2371 significetPoiitet

176 2381 219 2433 Ad
241 2385 362 2434 exodium
391 2385 495 2435 teudem
517 2385 673 2436 adducamus
711 2381 790 2433 Quod
801 2383 832 2438 si,
849 2383 965 2446 oAmor,
981 2384 1073 2433 Macro
1094 2383 1162 2445 huic,
1182 2397 1240 2431 eas·

140 2459 192 2510 boc
214 2461 311 2525 capnt.
343 2461 437 2526 Pergit
463 2461 542 2523 igitur
569 2461 673 2510 titulari
711 2463 808 2506 trorum
821 2464 923 2508 tuorum
934 2457 1069 2520 desertori,
1084 2459 1239 2522 caeterisque

140 2534 272 2598 'libellum
288 2537 314 2586 iu
335 2538 444 2600 gratiam
466 2536 595 2586 Messallae
614 2537 672 2585 'i'ri-
710 2533 843 2596 similibus,
860 2549 876 2582 a
891 2535 1011 2584 Veneres
1022 2534 1115 2583 militia
1129 2533 1162 2582 ad
1175 2534 1240 2582 alte·

141 2612 300 2676 stephanus,
315 2626 468 2677 cursumque
483 2612 596 2661 Victoris
615 2626 672 2676 pro·
710 2623 773 2673 ram,
789 2619 816 2661 et
827 2611 978 2660 Martialem
992 2610 1062 2658 illam
1073 2609 1240 2658 desciscenti-

141 2689 215 2754 aaqei
226 2689 264 2738 bis
276 2689 369 2752 verbis,
385 2688 451 2738 bene
462 2688 581 2737 ominatis
600 2688 672 2751 oppi·
709 2686 767 2749 bns,
782 2686 950 2736 conniventia
959 2691 1014 2744 tus,
1026 2696 1058 2732 ne
1066 2683 1150 2732 dicam
1161 2682 1238 2731 leuti-

142 2763 194 2816 do:
210 2765 265 2831 lpse
274 2768 458 2828 geresslcsros,
472 2766 539 2815 luero
552 2767 672 2828 deuinctus
710 2761 809 2823 tudine,
832 2761 884 2809 imo
902 2758 1022 2809 socordia
1042 2757 1147 2820 impune
1168 2757 1239 2806 abire

118 2862 129 2873 ··
139 2842 231 2905 questa·
238 2843 324 2902 litim
335 2843 372 2906 10,
379 2842 671 2906 megrmeocefliiamplse,
709 2835 880 2899 transfugium
890 2833 973 2896 istad;
992 2842 1070 2898 teque
1087 2832 1120 2881 ab
1133 2832 1182 2883 hoc
1194 2847 1238 2896 ge·

141 2923 217 2968 meet.
249 2918 299 2969 Ubi
322 2918 442 2968 arbitruri
470 2918 552 2980 possit
568 2917 670 2980 aliquis,
708 2927 780 2976 nere,
796 2912 868 2978 quasi
880 2913 925 2962 abs
937 2911 1032 2974 Sacris,
1047 2924 1150 2958 manum
1162 2909 1240 2959 absti-

141 3005 196 3042 rem
210 3006 286 3042 naam
300 2993 458 3058 eandemque
469 2993 509 3043 bis
521 2993 642 3043 iteratam
654 3007 671 3041 a
707 3002 770 3038 nere
781 3001 935 3052 cognovero,
951 2984 1110 3048 sagittasque
1125 2998 1157 3032 ac
1167 2982 1238 3032 faces

141 3065 227 3118 Po'e'ta
249 3068 452 3133 gratulabundm
468 3075 496 3117 et
513 3069 612 3117 Lauros
627 3082 670 3130 ge·
706 3064 770 3114 istas
781 3070 838 3113 tnas
854 3063 880 3112 in
897 3062 958 3111 solis
968 3058 1090 3109 militibus
1101 3055 1236 3107 frustrari:

141 3152 252 3207 rentem,
269 3154 297 3194 et
313 3145 469 3195 Desinetum
485 3145 558 3193 lauro
577 3145 671 3194 Roma·
706 3154 797 3190 eccum
815 3140 894 3190 etism
907 3140 990 3203 ipsum
1007 3151 1058 3199 me,
1073 3137 1117 3201 qui
1135 3150 1239 3200 semper
1309 3180 1319 3197 ,

141 3222 319 3272 nnmmilitem
327 3221 501 3272 inMessallini
514 3221 670 3285 triumphum
707 3232 788 3281 usquc
800 3216 883 3266 adbuc
893 3216 1028 3264 incruenta
1038 3212 1239 3277 stipendialem,

140 3297 291 3349 inducente.
334 3300 399 3350 Quas
420 3298 469 3347 duo
497 3304 597 3347 tantnm
619 3311 670 3346 noa
707 3293 839 3357 meruique
856 3291 921 3341 adeo
938 3292 964 3339 in
979 3290 1072 3340 castris
1087 3290 1147 3351 tuis,
1163 3303 1237 3353 para-

140 3374 243 3440 gemina
254 3389 309 3424 esse
320 3373 451 3424 videntur.
476 3371 527 3421 Sed
538 3372 670 3422 sciendum
708 3375 762 3419 tum
774 3369 894 3431 exemplo
906 3366 990 3417 Macri
1001 3365 1032 3414 ed
1053 3364 1146 3414 bellurn
1158 3378 1239 3428 porro

136 3449 317 3513 mmslaarcs,
333 3446 670 3511 boeiocouonadcnpitis,
708 3445 870 3493 teterrimum
904 3441 1044 3507 proticisci,
1085 3440 1237 3505 militieqoe

139 3523 187 3574 aed
204 3524 236 3576 ad
248 3538 367 3574 manuam
379 3529 512 3588 gestamen
524 3523 670 3587 pertinere;
707 3528 870 3571 anctoratum
887 3519 950 3569 dare
967 3533 1070 3581 nomeu,
1087 3525 1115 3568 et
1133 3517 1237 3582 quidem

139 3599 233 3667 quium
251 3599 366 3651 victorie
386 3600 486 3664 insigne
507 3599 611 3650 laureos
631 3615 669 3650 ra·
701 3597 756 3661 jam
777 3610 811 3644 ex
829 3595 959 3657 hocloco,
975 3593 1238 3645 nemoraricemsas.

138 3689 196 3726 mos
217 3675 267 3724 sibi
288 3672 462 3738 preferebant
483 3676 593 3737 miiitea;
618 3690 670 3725 non
708 3671 794 3737 Atque
805 3671 872 3720 banc
881 3684 939 3721 esse
957 3671 1062 3720 istiusce
1075 3671 1124 3721 ioci
1136 3677 1238 3720 seuten-

137 3749 223 3800 minm
237 3750 343 3800 dextras
359 3751 481 3812 inermes,
497 3765 573 3814 qnam
585 3751 670 3814 galea-
707 3748 779 3804 tiam,
797 3748 1004 3812 scripturamque
1022 3745 1177 3797 examussim
1191 3760 1238 3808 op-

137 3832 194 3876 tem
205 3827 347 3888 cesariem,
364 3826 397 3875 ad
410 3841 487 3891 quam
498 3825 616 3875 vinctura
630 3840 670 3875 se·
708 3823 796 3872 timum
814 3837 845 3872 ac
864 3823 1047 3884 certissimam,
1063 3821 1159 3871 indicio
1182 3820 1238 3870 fce-

138 3900 381 3968 q‘nensset'ercade,
397 3901 499 3951 victrici
515 3899 607 3949 fronde
625 3899 670 3949 de·
707 3899 761 3948 rint
772 3912 815 3959 ea,
831 3913 889 3963 quas
902 3896 1025 3960 deinceps
1044 3909 1060 3945 e
1078 3896 1186 3959 vestigio
1197 3910 1238 3944 se-

138 3985 267 4037 oorantes,
277 3992 310 4026 ex
321 3977 467 4041 disciplina.
492 3976 569 4028 Quod
581 3989 670 4038 super·
707 3981 835 4040 qnuntur:
853 3973 897 4023 nbi
908 3981 936 4021 et
945 3973 1044 4021 Veneri
1056 3980 1083 4022 et
1094 3971 1182 4021 Amori
1197 3984 1238 4018 sn·

137 4060 191 4117 eat,
217 4054 358 4103 monendus
393 4053 497 4115 Lector,
531 4050 671 4101 Penteme·
707 4063 823 4113 ptemum
832 4049 858 4097 in
870 4054 1026 4112 perpetuum
1037 4047 1125 4096 dicere
1135 4046 1238 4095 videtur

138 4135 209 4178 trem
229 4128 298 4178 istud
318 4143 333 4177 a
355 4128 456 4177 Tibullo
467 4142 513 4177 suo
524 4133 669 4177 mutuatum
707 4125 802 4187 Po'e'ta,
818 4124 1004 4188 dimidiumque
1023 4122 1115 4171 iisdem
1133 4123 1239 4171 commi·

139 4203 264 4254 Ovidium
280 4205 307 4253 in
326 4203 474 4266 Amoribns,
490 4218 566 4269 quum
581 4202 667 4253 canit:
707 4203 762 4253 nasi
774 4215 852 4267 porro
867 4200 906 4249 his
926 4198 1027 4248 serbis:
1045 4197 1157 4247 ‘Castra
1168 4203 1239 4259 peto,
1330 4224 1333 4228 ·

137 4281 269 4345 ‘Vulgum
286 4279 316 4330 lo
335 4293 430 4343 magna
440 4293 504 4331 roca
520 4281 670 4344 Triumphe,
707 4281 846 4343 valeatque
856 4275 1116 4338 Venus,valeantque
1129 4273 1237 4336 puelle:

138 4355 234 4408 caecil
708 4349 1079 4416 Etmibisuntrires,etmihi
1091 4347 1239 4411 gratatnba

308 4480 433 4533 CAPUT
450 4483 500 4535 lx·
708 4438 856 4557 e'bliterium
874 4502 1007 4567 aliquanto
1025 4495 1236 4564 progrediamur:

138 4583 325 4638 bocaslibulil
336 4592 364 4636 et
376 4593 509 4637 correctus
522 4592 551 4638 et
568 4599 670 4637 enarra·
707 4583 766 4634 lass
786 4580 848 4630 stols
859 4577 970 4643 statem
985 4576 1064 4627 letio:
1085 4575 1126 4626 sed
1143 4576 1237 4643 erdale

489 4927 629 5106 W.
