2760 5130
502 762 591 815 vrrs
616 769 783 818 'risuum
1139 752 1184 822 21¹

91 909 281 993 Propertio,
297 904 362 973 sibi
377 910 451 993 ipse
464 918 686 994 postremum:
709 934 752 978 cx
769 934 835 997 quo
856 915 1054 998 colligimus,
1069 900 1187 980 Tibul-

90 1012 160 1075 lum
175 1011 353 1096 Propertio
370 1019 470 1096 atque
480 1012 602 1078 Ovidio
617 1021 696 1079 natn
709 1017 870 1098 majorem
883 1016 993 1081 luisse.
1016 1017 1094 1081 Nisi
1110 1020 1187 1100 quis

92 1115 200 1197 inepte
216 1116 399 1193 cavilletur,
415 1116 588 1180 Nasonem
604 1117 710 1179 serius
725 1117 768 1181 ad
790 1118 999 1182 scribendum
1014 1120 1185 1202 appulisse

91 1217 257 1295 animum;
279 1218 371 1301 quod
387 1221 418 1282 in
432 1218 573 1282 Pactam
586 1219 896 1300 ingeniosissimum,
905 1226 940 1282 et
956 1239 1071 1284 versus
1085 1210 1187 1303 pluri-

90 1335 164 1381 mos
178 1319 270 1383 nullo
292 1322 429 1403 negotio
445 1320 580 1385 fundere
594 1320 743 1399 solitum,
767 1323 877 1385 minus
900 1324 1061 1386 convenit.
1105 1321 1186 1385 Huc

92 1419 234 1500 pertinet
242 1420 316 1485 Ode
326 1421 462 1487 Horatii
474 1415 662 1486 ad'Albium
674 1419 863 1505 inscripta,¹‘
874 1423 907 1485 in
916 1442 983 1505 qua
996 1420 1187 1485 Venusinus

92 1519 216 1598 Poeta,
245 1523 298 1586 sni
321 1525 478 1607 exemplo
501 1526 687 1608 proposito,
708 1524 877 1588 Tibullum
893 1525 937 1588 ob
952 1522 1107 1608 Glycerae
1123 1543 1189 1588 sae·

92 1621 209 1686 vitiam
224 1623 348 1706 Elegos
370 1626 583 1689 miserabiles
604 1626 846 1702 decantantem,
872 1629 905 1688 et
929 1624 995 1688 sibi
1020 1624 1188 1708 juniorem

92 1726 243 1807 praeferri
258 1728 427 1791 dolentem
437 1729 470 1791 in
485 1747 609 1805 amore,
633 1729 676 1791 ab
692 1727 793 1803 animi
819 1725 1013 1807 aegritudine
1039 1733 1187 1803 revocat,

94 1830 128 1889 et
140 1828 280 1894 solatur.
325 1827 426 1906 Quod
442 1828 573 1894 Poiima
596 1829 637 1907 si,
661 1833 699 1893 ut
720 1828 802 1892 ordo
826 1828 1014 1892 Carminum
1030 1828 1188 1906 ostendit,

96 1931 323 2012 compositum
337 1931 402 1995 luit
416 1936 492 1995 ante
515 1931 607 1995 aliud
633 1929 675 1993 de
698 1927 842 2012 Augusti
868 1927 1012 1993 Actiaca
1034 1929 1191 1994 Victoria

95 2029 256 2095 adversus
269 2030 454 2097 Antonium
470 2040 505 2098 et
527 2028 760 2115 Cleopatram,i
783 2051 885 2115 qnam
899 2033 934 2095 in
950 2050 1072 2096 annum
1087 2031 1132 2094 U.
1148 2029 1189 2095 C.

85 2148 285 2221 'nocxxrrn
301 2135 462 2199 incidisse
476 2136 601 2218 liquet3
615 2136 833 2212 inveniemus,
858 2135 885 2200 si
901 2135 1066 2211 communi
1081 2132 1191 2216 opini-

95 2236 152 2298 oni
177 2237 338 2300 assentire
363 2240 518 2314 velimus,
541 2238 712 2302 Tibullum
738 2256 902 2302 annorum
927 2239 987 2301 vix
1014 2236 1191 2301 duodecim

96 2332 293 2418 Elegiacum
309 2338 462 2416 Poetam,
475 2339 631 2422 Glycerae
647 2345 837 2414 amatorem,
849 2346 894 2416 ct,
908 2338 999 2424 quod
1013 2339 1119 2422 magis
1131 2339 1192 2401 mi·

95 2437 212 2518 rabile,
225 2446 386 2524 tanquam
402 2445 503 2504 aetate
527 2442 746 2524 provectiore,
772 2461 794 2503 a
817 2445 930 2524 puella
953 2440 1055 2505 domo
1077 2441 1192 2504 exclu-

97 2535 197 2604 sum.i
242 2540 404 2607 Omnibus
425 2542 522 2624 igitur
543 2542 657 2606 fucum
679 2542 760 2606 t‘ecit
776 2541 964 2608 Ouidianus
978 2543 1032 2606 ille
1048 2541 1192 2606 versicu-

96 2643 162 2719 lus,
177 2641 324 2720 Tibullo,
334 2650 371 2708 ut
384 2646 432 2708 ait
443 2649 647 2708 memoratus
661 2643 792 2723 Dousa,
804 2663 825 2707 a
835 2645 923 2707 mala
933 2663 1032 2707 mann
1045 2648 1191 2707 assutus.

98 2742 165 2809 His
180 2747 272 2810 docti
286 2746 351 2811 viri
366 2747 522 2829 gravibus
536 2746 736 2828 argumentis
751 2746 851 2810 liceat
864 2746 945 2810 mibi
959 2745 1070 2811 levius
1086 2741 1195 2827 q'uod·

96 2845 186 2925 dam,
214 2854 450 2933 nequatamen
466 2850 599 2912 omnino
614 2848 904 2924 contemnendum,
927 2846 1048 2911 addere
1063 2846 1104 2909 de
1119 2863 1194 2908 mea

96 2968 203 3033 penu3
225 2971 268 3014 ue
285 2951 420 3016 scilicet
435 2949 477 3014 ad
493 2949 555 3012 bas
570 2950 703 3032 epulas,
716 2947 808 3030 quod
824 2949 925 3023 aiunt,
936 2947 1068 3011 veniam
1082 2964 1193 3028 asym-

96 3053 204 3116 bolus.
250 3052 321 3117 Vix
337 3060 401 3130 est,
424 3058 464 3115 ut
478 3050 616 3115 credere
632 3049 773 3132 possim,
797 3047 958 3110 Ovidium
976 3044 1104 3108 Tibulli
1126 3064 1195 3108 me·

96 3154 211 3219 moriae
236 3153 530 3229 studiosissimum,
555 3168 631 3214 cum
657 3148 959 3224 animadvertisset,
990 3166 1026 3210 se
1049 3144 1193 3210 natalem

99 3253 198 3332 diem,
213 3255 267 3319 vel
282 3255 401 3319 saltem
415 3273 537 3318 annum
561 3271 636 3315 cum
660 3251 719 3313 illo
746 3250 866 3338 babere
891 3267 1109 3327 communem,
1125 3267 1195 3332 qua

98 3364 167 3422 erat
187 3358 358 3440 praecipue
385 3355 556 3439 diligentia
584 3354 618 3416 in
644 3353 744 3416 rebus
768 3353 823 3418 vel
842 3352 998 3429 minimis,
1028 3349 1195 3436 ejusmodi

100 3465 256 3522 eventum
272 3459 404 3523 silentio
421 3456 723 3541 praetermissurum
734 3451 859 3518 fuisse.l
896 3453 1124 3542 verisimilius
1134 3453 1195 3516 ita·

99 3579 163 3640 que
177 3566 240 3635 est,
264 3560 430 3642 aequalem
453 3559 593 3622 Horatii
616 3557 788 3621 Tibullum
813 3556 949 3633 fuisse,m
971 3556 1007 3619 id
1033 3554 1196 3619 suadente

100 3659 207 3742 ipsius
224 3659 339 3723 Flacci
354 3659 555 3736 testimonio,
580 3658 638 3742 qui
659 3657 768 3742 Epist.
786 3674 810 3723 1.
826 3658 857 3721 4.
881 3658 1084 3722 ‘candidum
1106 3655 1195 3738 judi-

100 3781 170 3826 cem
194 3759 400 3828 sermonum’
433 3781 568 3826 suorum
596 3780 669 3824 eum
694 3761 866 3843 appellare
892 3778 956 3823 non
986 3759 1194 3841 dedignatur.

596 3924 704 3976 NOTAE

130 4046 143 4079 ¹
160 4044 231 4096 Libri
244 4059 263 4093 r.
274 4044 334 4095 Ode
344 4048 386 4093 tt.
670 4040 770 4101 simum,
781 4046 811 4089 ut
822 4038 877 4089 iere
887 4040 972 4088 omnic
984 4039 1109 4103 ejusmodi
1122 4055 1197 4104 argu·
1237 4076 1244 4089 .

132 4123 139 4156 ¹
155 4123 226 4173 Libri
239 4136 258 4171 r.
271 4116 331 4170 Ode
342 4124 383 4169 87.
670 4123 758 4167 menta
768 4131 784 4165 a
795 4115 897 4165 silentio
909 4115 1036 4177 desumto,
1049 4115 1092 4164 ubi
1104 4131 1199 4164 memo·

131 4198 143 4232 ἱ
159 4200 246 4262 Urget
253 4199 310 4247 baec
320 4198 399 4247 etiem
408 4194 587 4245 Broukbnsius
596 4192 629 4242 nd
670 4193 776 4243 rationis
787 4206 864 4242 cause
880 4190 975 4240 idonea
991 4191 1199 4241 neonecesseria
1298 4206 1313 4223 ··

98 4275 154 4325 Tib.
166 4288 197 4324 rr.
209 4279 234 4326 4.
247 4278 286 4323 1³.
320 4273 384 4322 Esse
396 4279 483 4321 tamen
494 4272 543 4320 boc
554 4285 629 4333 argu·
670 4274 738 4327 eret.

100 4359 216 4403 mentum
233 4351 298 4400 adeo
317 4347 430 4397 validum
448 4361 498 4396 nou
517 4347 630 4410 videtur,
702 4349 720 4376 ὓ
736 4343 768 4393 ln
786 4355 880 4391 annum
896 4342 985 4405 itaque
1000 4337 1034 4387 U.
1047 4330 1077 4387 C.
1089 4343 1146 4390 69⁰.
1158 4343 1199 4391 vel

101 4444 158 4479 eum
185 4429 259 4477 Odas
281 4426 388 4476 Horatii
413 4439 465 4475 non
488 4423 630 4474 secondum
672 4415 1200 4483 proximos'llbnllinatalesponitDonse,

101 4516 214 4569 ternpus,
226 4516 277 4568 quo
289 4515 398 4568 quaeque
410 4501 506 4566 scripte
518 4506 567 4564 est,
577 4500 630 4549 col·
672 4512 747 4562 quem
757 4501 899 4559 sequuntur
911 4491 1096 4557 Brouklursins,
1111 4494 1200 4546 Fabri·

101 4585 200 4632 locatas
210 4583 388 4628 eesecoustct.
672 4568 1043 4637 cras,Senedouiur,Vulplns.

134 4650 630 4723 ¹neutiquenrgumenrumnoelert·-
682 4716 692 4733 ν
