2760 5130
385 717 489 768 suun
512 718 669 771 uruntur
696 724 769 773 nro.
794 724 816 773 ι.
842 726 949 776 nuno.
970 715 1004 779 7.
1181 718 1248 786 887

176 860 195 905 9
212 856 267 906 Non
283 857 334 907 sisse
348 873 386 907 ute
403 855 438 910 est
454 862 501 911 tili
515 869 596 925 purius
606 867 677 916 mnus
715 869 750 917 ris
757 877 953 935 essent,mogno
962 872 1090 924 habebunt
1101 873 1127 924 in
1137 870 1245 936 bonore,

144 934 187 980 tae
196 930 257 981 belle
267 932 374 998 Pyrene]
389 935 449 985 Jern
462 940 603 990 monuimus
617 943 675 990 lirr-
713 959 745 993 eo
754 947 832 1009 quod,
843 957 911 996 teste
920 949 952 998 P.
962 949 1078 1012 Nigidio,
1086 965 1162 1000 ovum
1171 953 1243 1002 miror

143 1004 204 1055 delio
215 1006 472 1074 Pyreneiegendum
490 1020 519 1061 nt
535 1017 579 1078 qni
598 1016 631 1065 de
644 1031 675 1065 eo
714 1021 895 1081 magnitudinis
906 1038 921 1071 a
932 1025 1045 1088 piscibus
1061 1041 1093 1074 ex
1112 1028 1244 1091 Euphrate

142 1079 282 1145 dubitarit,
304 1083 396 1148 dignos
416 1086 459 1148 sit,
478 1090 522 1151 qni
546 1104 674 1154 nunqnam
714 1096 846 1144 evolutum
858 1098 977 1147 eolnmbs
990 1097 1093 1163 foverit,
1105 1104 1171 1150 uude
1188 1104 1246 1153 Des

143 1154 342 1221 cnorogrspbos
360 1168 387 1210 et
409 1162 579 1227 Geogrsphos
596 1167 675 1228 leget.
713 1170 844 1221 editaest.
878 1175 912 1222 Et
923 1174 981 1222 vide
993 1176 1029 1223 sis
1042 1176 1147 1225 briciuui
1164 1177 1246 1225 Desrn

143 1229 221 1282 rnen.
713 1245 826 1309 Syriam,
848 1249 958 1298 Diodor.
978 1249 1057 1298 stent.
1075 1250 1100 1298 in
1120 1251 1245 1301 Biblioth.

177 1310 206 1356 ll
228 1309 306 1358 Testis
315 1311 393 1373 Arur]
420 1312 487 1362 Arar
503 1316 602 1364 vicinus
619 1317 675 1367 fini·
714 1333 745 1368 rr.
757 1322 830 1370 alios.
848 1324 938 1371 Sacros
948 1333 1034 1372 autem
1043 1325 1139 1373 Veneri
1151 1326 1247 1375 colum·

141 1380 191 1432 bos
225 1385 318 1448 priscus
350 1385 509 1451 Aquitanico,
536 1381 675 1440 Rhodanus
713 1394 759 1443 bus
777 1398 851 1459 pueri
871 1399 965 1447 sciunt.
992 1400 1148 1449 Sanruritani
1165 1402 1245 1451 etism

140 1453 225 1507 etism
246 1461 362 1522 proxime
379 1463 412 1511 sb
432 1465 494 1525 ipsis
516 1465 611 1516 tinibus
631 1468 674 1517 ub·
713 1469 738 1516 in
757 1485 803 1518 sno
820 1471 946 1521 Chronico
965 1473 1007 1534 (nt
1027 1474 1087 1522 milri
1101 1482 1246 1526 auctorest

142 1540 209 1584 eret.
251 1535 396 1585 Namsane
417 1537 469 1586 lltae
491 1548 593 1602 gentes,
615 1557 673 1606 quae
712 1544 827 1608 Scaliger
848 1547 880 1596 ud
901 1549 1001 1597 Manilii
1025 1550 1129 1614 libr.)
1156 1553 1244 1602 Josnre

140 1607 268 1659 Rhodano
294 1611 503 1674 continebuntur,
529 1616 591 1664 nibil
620 1626 674 1667 tnm
712 1620 781 1669 Doci
803 1623 947 1671 columbam
970 1623 1147 1675 administram
1171 1628 1245 1676 attri-

140 1683 295 1747 turbsbeut,
314 1700 398 1750 neque
415 1688 448 1736 de
467 1689 518 1737 iilis
535 1691 673 1742 Messalam
712 1694 804 1758 bunut,
825 1697 870 1745 sed
893 1698 1027 1762 divinitus,
1043 1707 1073 1748 nt
1092 1700 1141 1763 ipsi
1162 1702 1243 1764 niunt,

139 1759 313 1822 triumphasse
331 1776 441 1826 unquam
459 1764 520 1812 milti
535 1768 674 1828 persuade·
713 1784 763 1818 uon
780 1779 866 1820 entem
887 1773 1004 1822 bnmsnis
1021 1777 1150 1838 mysteriis
1161 1777 1244 1826 ‘edoc-

139 1831 187 1884 bo.
210 1835 286 1884 Idem.
712 1849 775 1893 tam.
808 1849 873 1897 Qum
892 1848 924 1896 de
943 1850 1160 1899 Semiramidead
1176 1851 1244 1902 hene

177 1913 208 1959 ln
227 1911 446 1977 Conolietflooi]
474 1915 533 1964 Noli
554 1917 673 1968 dubitare
712 1921 796 1968 Deum
809 1923 956 1982 spectantia
968 1921 1130 1983 adseruntur,
1140 1935 1199 1988 pete
1211 1941 1244 1976 ex

139 1984 204 2051 qniu
224 1987 362 2050 legendnm
380 1990 429 2039 sit:
451 1991 552 2040 Carnunti
567 1999 589 2041 rt
599 1994 673 2056 florii
713 1994 819 2058 Hygino
832 1997 933 2046 Poetis.
948 1998 1053 2048 Astron.
1064 2014 1096 2049 ιι.
1113 2003 1243 2052 Publili.

138 2063 331 2127 nnutynpto
340 2065 423 2127 Liger.
444 2066 481 2115 Ut
492 2068 595 2117 Tiberis
606 2070 673 2118 Tus·
711 2070 878 2135 Athenagora
902 2074 927 2121 in
951 2073 1087 2138 Apologia,
1107 2076 1244 2128 Plinrnuto

140 2150 190 2186 ens
208 2139 289 2186 omnis
307 2138 411 2199 dicitur,
428 2141 466 2190 itu
488 2141 597 2202 Ligerim
610 2145 673 2192 Cor·
711 2149 744 2196 de
757 2149 817 2198 Nat.
827 2151 1090 2201 DeouOvidioMet.
1099 2167 1137 2202 ιν.
1148 2155 1244 2204 Tretos

139 2218 233 2261 nutum
248 2211 354 2262 flurium
375 2224 460 2266 vocet.
494 2217 570 2266 Fines
587 2226 673 2268 entem
711 2223 986 2276 coilisd.1x.e.eru.
1011 2227 1243 2293 Plurevideepud

140 2288 317 2339 Carnntornm
338 2299 411 2340 secat
432 2293 525 2353 higen
541 2293 608 2357 quod
630 2308 673 2341 nr·-
711 2298 1058 2364 Seldennni,et(lyreldum.
1083 2304 1210 2355 Gsibemu.

113 2394 117 2399 -
139 2362 205 2413 mint
217 2362 321 2413 dubium
333 2372 384 2427 est,
395 2367 442 2415 nisi
460 2369 495 2424 ei,
510 2369 554 2432 qni
570 2369 673 2417 omnino
743 2372 946 2424 &sctnmlnmbu
961 2377 1016 2439 suo]
1033 2378 1103 2441 lege
1114 2385 1244 2429 mucium·

139 2437 324 2504 bmpdonros
342 2442 385 2491 sit.
422 2442 566 2492 Caernlenm
588 2453 674 2506 vocat,
710 2448 883 2513 lnmboSyro:
906 2453 1010 2502 minime
1034 2453 1243 2516 ferendumne,

138 2517 192 2568 bos
212 2525 253 2568 est
271 2533 429 2582 aequoreum,
450 2520 511 2583 quie
540 2521 674 2571 Oceanum
712 2524 779 2589 quod
791 2526 917 2590 Scaligeri
935 2528 1018 2577 codex
1031 2529 1181 2590 exhibebat,
1199 2531 1243 2579 illo

138 2593 224 2645 intret
235 2609 281 2658 per
291 2610 330 2656 se,
341 2603 369 2644 et
379 2595 498 2644 aestueris
508 2594 600 2655 efficit;
615 2611 674 2645 uam
712 2612 762 2648 non
774 2600 946 2662 improbante.
978 2602 1053 2664 Syria
1067 2603 1134 2650 onim
1146 2604 1243 2667 triplex

139 2672 268 2722 ceruleus
293 2679 335 2721 est
357 2687 498 2735 equoreas.
523 2674 672 2724 Jrrvenslis:
711 2674 1243 2741 opudveteresGeogrsplios‚1vpioKoinn,

138 2748 149 2777 ⁸
161 2746 221 2797 illie
237 2747 372 2810 coeruleos,
383 2747 424 2797 hic
436 2748 532 2811 piscem
543 2747 673 2799 fluminis!
711 2748 812 2811 ῡοινῐκη,
823 2750 863 2798 sol
874 2751 1027 2809 Παλαιστίνη.
1061 2752 1104 2802 Sic
1123 2753 1189 2816 legit
1205 2755 1241 2804 N.

138 2821 218 2872 ress.
712 2824 804 2874 Heius.
815 2826 1131 2877 erendelenorum.
1147 2829 1243 2880 ‘Culte

174 2901 206 2947 1³
217 2896 253 2947 Ar
263 2901 287 2946 te
299 2898 380 2961 Cydne
390 2898 483 2960 currem]
494 2897 587 2961 Sperat
596 2899 673 2947 alium
711 2901 853 2950 Palaestino
864 2903 975 2966 septima
986 2918 1060 2951 secra
1069 2904 1153 2964 Syro.'

138 2971 298 3037 triumphum
317 2975 439 3024 Messelae
461 2988 493 3022 ex
516 2974 626 3033 Isauris,
646 2975 673 3022 in
742 2981 774 3026 nt
793 2978 882 3040 Caput]
899 2978 985 3026 Latini
996 2979 1136 3040 scriptores
1153 2993 1242 3029 vocem

139 3049 437 3115 qnstnmbelligersbst
456 3049 576 3099 Messeis.
605 3050 673 3098 Nam
712 3052 838 3115 ‘Caput,'
862 3053 888 3100 in
916 3051 1051 3101 fluviorum
1077 3054 1176 3116 origine
1196 3068 1243 3117 po·

138 3138 221 3189 supro
232 3124 315 3174 dixit:
332 3124 400 3173 ‘lile
419 3125 482 3175 licet
497 3126 608 3176 Cilicum
620 3126 673 3177 uio·
711 3133 792 3186 nnnt;
809 3127 877 3191 quod
898 3127 997 3189 sliqnot
1016 3127 1168 3177 testimoniis
1186 3129 1241 3192 pls-

140 3200 476 3264 tmgetantecuterras!
501 3203 576 3252 Idem.
695 3217 772 3250 -nnm
791 3200 932 3252 faciemus:
955 3201 1034 3266 idque
1056 3217 1089 3252 eo
1110 3203 1242 3266 libentius,

175 3279 209 3325 lo
224 3274 342 3336 Frigidus
351 3275 455 3324 intonsos
465 3277 557 3325 Trerus
564 3282 619 3325 uret
632 3279 674 3327 cs·-
711 3278 779 3343 quod
799 3278 948 3338 Lernbinus,
964 3291 1022 3327 cum
1040 3278 1073 3327 de
1093 3276 1241 3329 fluminibus

138 3350 211 3415 om]
229 3352 319 3401 ruam
335 3351 541 3415 synecdochicos
552 3368 599 3417 pro
610 3355 672 3417 ipsis
711 3352 871 3415 enuntiatur,
888 3367 939 3402 non
956 3353 1080 3416 originem
1097 3354 1142 3402 scd
1163 3353 1241 3403 finem

139 3424 241 3477 taeniis.
256 3426 439 3477 Cilicasslteru
448 3427 617 3490 Synsedoclre
626 3444 672 3492 pro
710 3429 806 3491 potius,
829 3428 873 3476 ubi
897 3427 1021 3476 uidelicet
1042 3426 1148 3476 flumina
1163 3443 1192 3480 se
1215 3429 1242 3478 in

139 3500 240 3553 cilicis.
258 3501 383 3551 Ovidius:
395 3504 402 3530 ‘
413 3503 505 3552 Cretes
517 3504 614 3553 nutrito
623 3511 673 3553 ter·
710 3517 780 3552 nuere
797 3509 908 3566 egerunt
927 3501 1072 3565 significare
1096 3503 1242 3553 contendit.

139 3591 172 3626 rs
188 3575 300 3641 superbe
321 3577 407 3628 Jove!
434 3578 487 3629 eri
506 3579 595 3641 legunt
611 3582 672 3643 olet,
711 3578 802 3628 Senec.
820 3579 845 3626 in
861 3577 946 3641 Epist.
962 3581 969 3606 ‘
985 3579 1140 3640 Magnorum
1158 3576 1242 3628 flumi-

138 3650 261 3716 prot‘eeto
279 3653 335 3702 haec
353 3653 673 3716 consideraredebebuut,
710 3668 770 3703 uum
794 3654 881 3716 capita
904 3653 1073 3704 veneremur!
1113 3654 1187 3703 ldern
1207 3655 1241 3704 N.

139 3732 172 3778 rit
194 3734 304 3788 teneam,
328 3727 395 3793 qnod
416 3729 467 3777 ulot
493 3728 673 3792 subjunctivus
711 3729 746 3779 H.
758 3743 777 3779 1.
790 3733 814 3777 n.
833 3728 964 3780 ‘Quidsm
981 3729 1129 3778 existiment
1144 3735 1242 3778 terram

138 3816 193 3853 non
205 3805 326 3852 convenit
338 3804 388 3852 bic.
416 3803 476 3865 Sed,
486 3804 511 3851 ni
521 3802 607 3865 fallor,
618 3805 673 3868 Hy·
711 3818 813 3867 qnoque
824 3804 928 3852 concuti
939 3810 966 3851 et
978 3803 1084 3865 dirupto
1095 3802 1159 3862 solo,
1175 3816 1243 3851 nors

139 3878 245 3943 palinge
262 3885 312 3938 est,
330 3881 421 3928 Truces
438 3884 492 3928 erut
509 3879 606 3941 Cilices,
618 3894 673 3941 pro,
709 3875 841 3926 fluminum
853 3878 941 3940 capita
952 3876 1091 3939 detegere!
1117 3876 1243 3940 Propert.

140 3952 238 4004 Cilices
244 3956 446 4004 orant'l'snrum.
462 3955 672 4018 Virgiliusz‘Ts-
710 3954 753 4002 lib.
765 3968 796 4002 ιι.
814 3955 887 4014 Eleg.
899 3958 938 4002 lo.
953 3956 960 3982 ‘
973 3954 1141 4017 Fluminaque
1153 3954 1186 4002 ud
1197 3968 1242 4002 ca·

139 4029 193 4079 lero
202 4028 275 4078 dives
286 4037 343 4079 srat
354 4030 460 4094 Cspnu!
483 4031 558 4080 Idem.
710 4037 757 4092 put
766 4029 891 4090 incipient
900 4041 1022 4079 revocare
1031 4027 1163 4091 liquores!
1180 4025 1243 4077 Alii.

173 4107 206 4154 18
213 4104 275 4154 Alos
285 4105 413 4154 Puioestino
423 4111 504 4154 raudo
511 4104 616 4155 columbo
627 4104 672 4169 Sy·
709 4103 771 4151 Rob.
786 4102 871 4151 Tities.

137 4176 180 4241 ro]
192 4178 349 4228 Palaestinos
357 4181 446 4243 Syrus,
457 4190 485 4230 nt
498 4181 602 4243 Psyllus
614 4180 672 4228 Poe·
741 4183 774 4227 26
791 4179 868 4227 Arida
880 4192 921 4228 nes
937 4176 1029 4240 plnoio]
1044 4177 1142 4226 Statius
1159 4176 1240 4226 Theb.

139 4266 198 4304 nus.
210 4252 526 4304 Cinnas‘Somnicnlosasn
537 4262 566 4303 nt
575 4255 671 4303 Poenus
710 4266 750 4303 tv,
766 4253 774 4280 ‘
787 4253 828 4300 'l'u
840 4265 908 4300 nunc
921 4250 1004 4298 uentis
1016 4250 1156 4313 plnvioqne
1168 4264 1242 4311 rogn-

140 4327 259 4392 aspldem
271 4329 391 4392 Psyllus:
419 4331 517 4380 Noster
532 4338 618 4379 tumen
630 4344 672 4380 co·
711 4329 746 4377 ris
758 4326 903 4378 ProJove.’
929 4324 1092 4388 Apollonius:
1108 4324 1153 4373 usi
1164 4323 1242 4385 βωμὸν

138 4403 390 4468 dexlegitsrro‚nou
402 4405 472 4469 Syro.
494 4406 575 4457 Idem.
710 4403 879 4464 ποίησεμεγὺ
889 4400 1058 4461 nsbsirpuioso.
1075 4401 1140 4451 Seni.

172 4478 237 4529 Alos
256 4479 470 4529 Palestinorum
491 4480 603 4530 Columbo
620 4479 673 4542 sno]
743 4479 961 4540 Aridnneeplrsuio
970 4476 1165 4538 supplicatione
1172 4477 1242 4541 ἄνοι’]

140 4553 202 4618 Syri
212 4554 354 4619 columbus,
365 4556 433 4620 quod
450 4557 477 4604 ln
491 4557 572 4607 tutele
588 4557 673 4608 Vene·
712 4552 833 4603 dlludere
852 4552 955 4602 ridetur
972 4551 1004 4600 ud
1023 4552 1069 4612 γῆς
1084 4551 1181 4616 ἄγαλμα
1196 4553 1241 4607 ιιι-
