2760 5130
192 731 237 798 16
541 745 681 795 ruusrr.
704 749 737 792 6.
762 743 944 796 6666666

194 891 312 980 primis
326 888 474 975 pertinet
490 904 541 953 ru.
555 890 588 953 7.
598 887 631 954 8.
653 886 756 951 ‘Non
770 905 833 969 ego
847 885 989 969 signatis
1001 886 1185 973 quicquam
1199 906 1293 955 man·

197 983 433 1069 daretabellis,
445 989 501 1055 Ne
510 991 599 1074 legat
607 990 642 1055 id
654 1009 763 1067 nemo,
770 1008 872 1073 quam
884 989 1222 1068 meus,ante,velim.’
1234 991 1293 1057 Sic

193 1096 338 1183 primunr
348 1092 457 1159 edidit
470 1091 672 1176 Calpurnius
686 1090 865 1156 inVioent.
881 1110 914 1157 6.
928 1090 1136 1175 148716666
1151 1111 1293 1175 expres-

193 1201 305 1262 serunt
317 1199 449 1280 postea,
462 1201 668 1278 praetereas,
682 1191 894 1277 6666611661,
906 1190 1135 1270 1166616661.
1149 1193 1293 1259 61487.

192 1296 296 1363 Aldd.
312 1296 531 1363 1166618161.
547 1294 671 1376 Scalig.
699 1291 962 1358 1166661596.
993 1292 1142 1358 Plantin.
1158 1292 1246 1361 1566
1259 1299 1294 1360 61

193 1400 291 1467 ldffl.
321 1397 454 1482 Gryph.
475 1397 561 1462 1561
576 1395 722 1461 611573
737 1398 797 1458 116.
813 1393 1009 1461 oonfirmant
1025 1395 1093 1460 (luo
1108 1395 1185 1460 libri
1198 1397 1292 1480 apud

193 1503 300 1568 Voss.
343 1499 444 1564 Solus
457 1495 641 1562 Grasserus
651 1495 757 1561 edidit
771 1516 802 1561 6.
816 1494 913 1560 1667.
936 1495 1012 1560 ‘Ne
1026 1496 1293 1578 legatumne:

194 1604 274 1671 1166
302 1602 339 1666 16
361 1600 452 1666 66116
476 1598 564 1665 libro
586 1617 696 1681 neque
724 1597 856 1680 scripto
878 1616 987 1681 66666
1012 1595 1103 1662 66116
1116 1598 1293 1681 reperitur.

194 1706 371 1788 Excerptt.
399 1701 528 1768 Pooohi
548 1700 681 1778 habent,
704 1698 773 1763 ‘Ut
790 1698 879 1781 legat
892 1699 926 1763 id
941 1698 1061 1765 nemo!
1104 1697 1292 1784 Exemplis,

195 1806 318 1890 quibus
330 1801 501 1887 Calpurnii
514 1802 691 1867 lectionem
705 1800 843 1876 firmavi,
860 1798 946 1864 adde
961 1801 1036 1866 Liv-
1049 1817 1100 1865 ιν.
1107 1800 1161 1866 31.
1185 1800 1294 1869 ‘cnm

194 1906 243 1973 ibi
257 1923 392 1990 quoque
415 1903 531 1988 religio
558 1904 719 1980 obstaret,
741 1921 781 1967 ne
796 1920 865 1966 non
878 1908 997 1985 posset
1011 1902 1079 1966 uisi
1093 1903 1138 1967 ab
1151 1906 1293 1970 consule

194 2007 264 2073 6161
285 2006 441 2082 dictator,
470 2023 612 2089 augures
638 2004 782 2069 consulti
803 2021 877 2066 earn
900 2003 1093 2085 religionem
1113 2005 1295 2073 exemere!

195 2107 278 2174 Hoc
302 2106 456 2171 Latinum
481 2125 557 2170 esse
578 2111 678 2189 negat
696 2102 886 2170 Gronovius
911 2102 955 2167 66
978 2102 1100 2184 loonm,
1116 2111 1297 2191 nonnegat

195 2209 328 2275 Plinius
358 2223 407 2271 lv.
430 2206 553 2290 Epistt.
579 2206 632 2271 13.
647 2205 680 2272 8.
704 2204 933 2288 ‘Dabuntqne
959 2224 1107 2288 operam,
1129 2227 1174 2273 ne
1195 2227 1220 2272 6
1240 2227 1296 2273 me

192 2311 369 2395 pecuniam
383 2327 451 2372 non
464 2308 530 2373 nisi
541 2307 661 2390 diguus
677 2306 834 2390 accipiat,
849 2305 879 2370 si
892 2311 1086 2390 accepturus
1101 2312 1138 2374 et
1150 2308 1194 2373 ab
1208 2309 1295 2392 ipsis
1318 2292 1327 2301 ’

193 2409 275 2499 erit-⁹
319 2409 389 2474 Ubi
416 2407 494 2473 ride
517 2406 764 2491 Heusingerum
785 2409 829 2484 et,
855 2426 931 2489 666
950 2407 1088 2490 scripsit
1101 2407 1294 2476 Solraeierns

193 2511 239 2577 ad
254 2528 288 2575 v.
303 2511 357 2577 17.
372 2512 404 2577 6.
417 2511 499 2576 item
514 2510 548 2574 in
564 2508 652 2573 Add.
666 2529 703 2592 p.
718 2508 796 2574 761.
839 2505 958 2573 Cinam
972 2507 1060 2573 Phil.
1077 2526 1127 2574 vr.
1141 2509 1174 2575 8.
1189 2517 1200 2546 ‘
1216 2512 1295 2578 Ho-

194 2632 264 2678 ram
277 2613 422 2679 eximere
436 2612 561 2677 nullam
576 2611 610 2675 in
625 2611 684 2677 tali
698 2611 773 2676 cire
794 2609 967 2675 liberando
989 2598 1063 2676 sine
1084 2613 1212 2679 scelere
1225 2634 1294 2681 non

193 2713 398 2799 possumus!

230 2816 299 2882 sin
325 2823 412 2895 erat,
439 2821 478 2880 61
504 2836 559 2882 me
583 2835 698 2913 omnes
717 2817 932 2886 destituerent
958 2818 1137 2884 Editiones
1158 2825 1193 2887 61
1215 2819 1294 2887 libri

193 2918 322 3002 scripti,
332 2917 420 3002 6666
429 2937 523 3002 saepe
531 2919 658 2985 iactum
671 2926 736 2998 est,
744 2922 934 2987 necessario
945 2921 1025 2987 milri
1037 2921 1296 3004 confugiendum

192 3021 313 3087 suited
329 3019 567 3104 Conjeoturam
583 3025 629 3099 61,
644 3039 721 3104 quae
738 3020 948 3104 conjecturae
962 3021 1034 3087 filia
1047 3027 1111 3101 661,
1131 3021 1295 3088 Emenda-

194 3125 328 3190 tionem.
374 3121 445 3188 Hie
467 3142 596 3188 omnem
611 3142 727 3188 euram
742 3122 892 3202 adhibui,
914 3143 957 3187 ne
979 3124 1204 3203 emendarem,
1226 3124 1294 3190 nisi

192 3223 284 3308 6666
298 3223 478 3289 manifesto
490 3223 685 3288 mendosum
700 3229 801 3301 66661,
817 3223 980 3289 intactum
995 3229 1112 3289 contra
1126 3224 1294 3309 relinque·

192 3343 275 3402 rem,
290 3323 347 3387 661
361 3321 444 3386 nihil
459 3322 619 3402 obstaret,
632 3322 698 3388 nisi
710 3323 893 3388 locutionis
906 3324 1099 3406 insolentia3
1111 3324 1217 3409 probe
1226 3326 1293 3392 sei·

191 3438 265 3503 ens,
281 3427 437 3507 quantum
450 3421 537 3488 labis
549 3422 696 3488 intulerit
709 3422 870 3488 Veterum
886 3425 1022 3508 scriptis
1035 3424 1110 3490 haec
1124 3427 1292 3492 recentio-

191 3545 264 3590 rum
292 3525 467 3590 Editorum
487 3525 583 3603 ratio,
605 3545 672 3611 666
696 3524 855 3591 vitiosum
875 3524 1004 3610 aliquid
1029 3525 1182 3606 hebetur,
1210 3529 1294 3612 6616

191 3626 361 3693 insolitum
375 3625 487 3691 estad
500 3631 652 3692 nostrum
667 3645 810 3706 sensum,
823 3628 920 3712 61666
935 3627 1148 3694 substituitur
1163 3628 1293 3715 aliquid

190 3728 356 3795 usitatius.
400 3725 504 3807 Quod
524 3746 585 3811 age
607 3727 761 3813 exemplo
783 3729 1014 3795 confirmemus
1036 3729 1215 3813 Propertii,
1233 3729 1293 3815 qui

191 3830 328 3914 scripsit
356 3845 382 3894 l.
407 3830 461 3895 15.
482 3829 536 3894 21.
557 3819 746 3915 ‘Conjngis
776 3827 917 3894 Euadne
943 3829 1084 3894 miseros
1114 3830 1206 3895 61616
1232 3851 1292 3914 per

190 3932 285 4015 ignes
299 3929 436 3998 Occidit
448 3931 586 4016 Argivae
600 3934 691 3999 sama
704 3931 899 4020 pudicitie?
943 3930 1163 3997 Consentiunt
1175 3932 1212 3998 in
1225 3932 1291 4000 hac

189 4033 336 4106 lectione
357 4033 532 4101 Editiones
559 4055 685 4114 omnes,
714 4043 839 4119 praeter
867 4033 1181 4112 Lachmannianam,
1212 4054 1292 4119 quse

190 4137 310 4203 habet:
331 4136 470 4203 ‘ablata
483 4157 545 4222 per
559 4136 674 4222 ignes:
685 4154 731 4200 ex
741 4134 975 4201 emendatione
989 4133 1153 4200 Editoris.
1199 4132 1294 4213 Quid

190 4239 263 4304 ital
308 4237 409 4318 Quia,
430 4241 551 4326 inquit,
580 4239 717 4306 Euadne
740 4237 867 4304 ‘elata’
891 4242 1136 4325 nunquamest,
1160 4258 1291 4321 quaese

189 4339 348 4421 vivamin
362 4343 471 4408 meriti
489 4363 604 4427 rogum
618 4341 886 4426 praecipitaverit.
931 4340 1035 4426 Atqui
1051 4341 1154 4406 etiam
1169 4341 1290 4405 mortui

189 4458 256 4504 non
265 4431 485 4511 efferebantur
498 4465 560 4528 per
573 4445 681 4527 ignes.
724 4444 849 4509 Tamen
864 4441 912 4506 ita
927 4443 1063 4527 scripsit
1074 4441 1248 4520 Manilius,
1260 4444 1291 4507 si

188 4539 269 4604 milri
297 4546 405 4628 magis
426 4567 527 4630 quam
555 4545 710 4611 Bentleio
734 4541 854 4621 credis,
877 4562 926 4607 ιν.
940 4543 993 4609 oe.
1007 4543 1064 4628 661
1078 4544 1174 4608 16666
1191 4544 1291 4628 vulgo
1338 4533 1348 4539 ’
