2760 5130
1052 302 1058 315 Χ

519 717 607 764 vrrs
632 717 798 765 uranum.
1160 705 1205 770 25

107 861 255 926 maxime
282 857 459 942 ‘dignum'
488 858 581 927 foret.
627 859 675 923 M.
707 858 835 925 Valerii
862 860 1022 927 Messalae
1053 862 1202 940 Corvini,

110 961 233 1024 summi
249 959 321 1038 viri,
344 959 510 1041 triumpho
526 956 734 1041 Aquitanico
759 962 936 1040 notissimi,
960 963 1064 1026 eliens
1086 968 1122 1027 et
1145 981 1205 1027 co-

109 1081 181 1125 mes
195 1066 376 1144 perpetuus
401 1061 501 1140 fuit3⁸
523 1081 621 1143 quem
636 1081 714 1126 oum
728 1064 762 1124 in
777 1060 914 1125 Asiamb
935 1064 1202 1145 proficiscentem

109 1162 227 1225 itinere
241 1163 404 1226 maritimo
415 1166 550 1227 secutus
562 1169 663 1239 esset,
676 1161 830 1247 Corcyrae
841 1165 935 1245 gravi
944 1164 1061 1228 morbo
1073 1184 1203 1246 correp·

110 1270 166 1328 tus
180 1261 350 1328 decubuit.
395 1263 479 1328 Cum
494 1269 583 1328 esset
597 1265 632 1329 in
647 1283 778 1329 amores
792 1265 894 1348 paulo
918 1265 1110 1349 proclivior,
1133 1268 1204 1347 qui·

110 1362 176 1425 bus
197 1363 300 1428 etiam
322 1363 472 1428 colendis
494 1370 527 1428 et
551 1364 721 1444 agitandis
743 1371 882 1446 propter
908 1364 977 1426 oris
998 1364 1205 1444 elegantiam

110 1461 222 1526 factus
236 1461 426 1542 videbatur,
448 1465 600 1547 inprimis
616 1463 751 1528 Deliam
776 1464 948 1547 puellam,d
969 1484 1049 1530 vero
1072 1465 1205 1529 nomine

112 1563 291 1641 Plautiam,
313 1565 363 1628 uti
377 1562 557 1647 Apuleius⁰
578 1567 673 1629 testis
688 1573 749 1641 est,
764 1566 892 1631 dilexit.
937 1567 1096 1631 Nemesin
1117 1566 1207 1630 dein·

113 1661 390 1747 ceps'libertinae
404 1665 602 1732 conditionis
613 1667 798 1743 mulierem,
814 1674 852 1732 ut
864 1667 1006 1734 videtur.
1038 1667 1206 1742 Neaeram,

110 1785 314 1850 puerumque
336 1766 540 1844 Marathum,
564 1767 749 1850 Sulpiciam
774 1789 907 1853 quoque
935 1788 975 1834 ac
1000 1769 1204 1845 Corinthum,

112 1875 297 1932 amatorum
312 1888 385 1952 par,
400 1868 614 1933 Carminibus
629 1870 834 1935 celebravit.8
878 1869 986 1935 Miror
1001 1875 1124 1947 autem,
1145 1888 1206 1934 our

112 1969 156 2034 ab
171 1968 297 2047 oyidio
312 1971 389 2036 duae
413 1976 540 2036 tantum
566 1970 640 2055 ejus
666 1973 783 2036 arnieae
808 1973 1027 2050 nominentur,
1052 1972 1150 2037 Delia
1172 1979 1207 2036 et

115 2068 293 2151 Nemesis;
314 2090 452 2155 quarum
467 2073 608 2138 alteram
620 2073 712 2139 lecto
724 2074 896 2138 morientis
913 2073 1069 2149 astitisse,
1091 2092 1207 2137 manu·

113 2190 181 2253 que
207 2173 300 2238 illius
328 2174 498 2240 deficiente
526 2195 680 2258 pressam
710 2181 857 2241 testetur.
902 2173 1080 2241 Fortassel
1108 2175 1207 2260 (nihil
1241 2231 1247 2238 .

606 2391 711 2441 NOTAE

147 2528 204 2579 ¹Iu
217 2531 274 2594 ejus
284 2532 454 2583 coutubernio
468 2532 519 2585 seit
533 2535 640 2599 Noster,
679 2535 910 2587 aduruntur.
941 2536 1064 2587 Plaucarn
1085 2531 1238 2598 Ayrman.''

115 2611 143 2655 ot
153 2615 242 2657 auctor
252 2609 321 2658 Vite
332 2610 389 2673 ejus
406 2616 525 2673 testatur,
540 2619 567 2660 et
584 2612 639 2675 ipse
679 2614 701 2675 q.
716 2617 757 2663 ta.
1201 2633 1203 2639 ·

114 2684 228 2734 Tibullus
246 2699 265 2734 ι.
281 2690 306 2735 8.
326 2691 351 2736 2.
371 2701 480 2751 eumque
500 2688 525 2735 in
544 2688 640 2737 Gelbes
712 2690 858 2742 ‘Nemesin
877 2706 935 2741 esse
953 2689 1060 2740 eandem
1078 2701 1135 2738 cum
1153 2686 1208 2736 Ho-

115 2769 218 2811 seeutus
228 2768 280 2826 est,
291 2768 319 2811 nt
332 2777 364 2811 ex
376 2776 395 2812 1.
409 2765 483 2827 Eleg.
495 2768 519 2815 7.
530 2772 640 2814 constat.
683 2767 742 2816 ratii
754 2767 868 2831 Glycera
878 2780 897 2817 ι.
911 2766 962 2817 Od.
973 2770 1013 2816 bt.
1030 2766 1107 2828 vulgo
1119 2763 1208 2813 existi-

115 2836 643 2904 SihiessalsabAetioprotinusinebqui·
681 2848 764 2891 mant.
796 2843 888 2893 Potuit
900 2849 985 2890 tamen
993 2842 1072 2890 etlam
1082 2841 1134 2888 alia
1142 2852 1210 2900 esse,

116 2913 210 2962 taniam
224 2913 316 2962 missus
331 2922 382 2976 est,
399 2920 429 2963 nt
445 2914 512 2963 adr.
529 2915 641 2978 Elea-⁰0.
682 2932 758 2981 quam
785 2925 845 2980 post
872 2924 982 2977 ceteras,
1008 2914 1126 2977 adeoque
1153 2920 1209 2961 tum

115 2987 291 3050 probabimus,
308 2995 337 3038 et
358 2988 442 3051 ipsum
462 2989 591 3038 Tibullum
614 2992 641 3039 iu
682 3005 783 3040 amasse
800 2990 912 3050 videtur,
925 3004 982 3038 cum
998 2989 1129 3050 juniorem
1141 2999 1211 3034 ama·

115 3064 196 3113 classe
205 3061 285 3112 fuisse
293 3063 426 3127 probabile
435 3073 483 3113 est.
506 3066 565 3115 Nisi
574 3067 643 3115 Mes·
682 3066 799 3116 toremei
818 3063 937 3128 preferri
957 3063 1048 3111 mirum
1065 3075 1116 3109 uon
1132 3066 1209 3110 esset.

114 3139 349 3204 salam,arsthnsm
359 3141 386 3189 iu
401 3139 567 3206 Aquitaniam
584 3157 642 3206 per·
682 3144 735 3192 Pro
747 3141 837 3192 eadem
849 3140 937 3203 puella
953 3153 1011 3189 curu
1030 3136 1136 3186 Nemesi
1146 3136 1212 3199 (lly-

116 3222 199 3276 gerct,
217 3215 327 3265 Romam
343 3216 439 3266 adiisse
458 3217 539 3268 dieas.
572 3218 643 3268 Huic
683 3231 743 3267 ecra
754 3217 797 3266 vix
814 3216 905 3266 baberi
925 3221 1097 3278 porsennam
1112 3212 1145 3262 de
1156 3212 1212 3264 Ne-

117 3291 214 3341 Nostsr
223 3290 318 3341 librum
330 3292 439 3356 primum
450 3298 478 3341 st
489 3293 598 3342 alterum
607 3293 643 3341 iu·
683 3294 759 3343 russis
770 3293 890 3354 avaritia,
899 3307 950 3340 nou
961 3290 1077 3353 fastidio,
1091 3288 1160 3354 quod
1171 3304 1212 3339 se·

116 3366 249 3428 scripsisse
267 3365 386 3416 videtur:
409 3381 461 3416 uon
480 3380 540 3416 vero
560 3373 642 3417 totum
683 3385 741 3420 nem
752 3384 779 3418 ss
797 3374 942 3433 sperneret,
958 3366 1135 3432 eonqueritur.
1167 3367 1211 3416 De

116 3455 193 3505 opus;
210 3448 240 3490 ut
249 3442 380 3505 Cyllenius
389 3443 414 3491 in
425 3442 566 3506 ejusVita:
584 3442 643 3492 ‘Au
684 3446 780 3496 Neara
790 3445 888 3494 dictum
901 3450 942 3493 est
953 3444 985 3493 ad
995 3457 1038 3493 ιιι.
1051 3447 1074 3492 l.
1087 3456 1128 3506 pr.

116 3517 255 3581 Messalam
262 3519 381 3582 hocopus
388 3518 537 3570 misitinrv.
553 3520 645 3570 Libros
716 3521 808 3570 esunt
824 3534 855 3569 es
872 3519 898 3566 in
917 3519 1022 3568 Librum
1042 3530 1081 3566 iv.
1102 3517 1212 3579 rejecta,

117 3592 261 3656 digestum!
685 3596 812 3659 equestri
825 3595 967 3644 doctissimi
980 3593 1082 3658 judicio
1101 3591 1166 3642 adeo
1178 3591 1211 3641 ad

147 3668 216 3718 bEn
228 3669 322 3718 Galliis
337 3669 365 3718 iu
378 3667 467 3720 Asiam
479 3670 644 3720 contendisse
683 3670 812 3721 Tibullum
835 3677 969 3720 auctorem
988 3667 1132 3718 referenda.
1171 3667 1212 3716 De

116 3744 264 3809 Messalam,
282 3745 346 3794 satis
364 3753 476 3798 constat.
502 3745 570 3797 Vide
579 3746 612 3796 ad
623 3760 644 3796 ι.
685 3761 735 3811 qua
753 3761 781 3796 re
801 3753 888 3796 tamen
911 3754 966 3796 tum
987 3744 1030 3794 alii
1050 3744 1212 3807 dubitarunt,

117 3823 141 3868 ³.
154 3835 195 3884 pr.
560 3879 563 3889 Ι
686 3830 739 3872 tom
758 3823 814 3885 ipss
824 3822 953 3871 'libellum
965 3827 1099 3870 auctorem
1117 3820 1213 3870 babere

150 3895 253 3946 ‘ilaue
275 3895 325 3960 ipsi
346 3895 439 3947 tribuit
461 3902 553 3946 auctor
574 3897 643 3946 vite
685 3912 800 3960 eaeeqo.
832 3895 1213 3945 Verumdebaccoutroversis

117 3971 180 4035 ejus.
427 4011 434 4028 ,
685 3981 773 4022 aetum
790 3978 832 4021 est
850 3969 999 4034 diligentins
1021 3969 1054 4018 sd
1071 3983 1109 4018 iv.
1127 3974 1152 4018 ἢ.
1172 3983 1211 4033 pr.

148 4046 161 4080 ⁴
176 4046 349 4097 libertinam:
362 4047 421 4096 vide
431 4060 451 4097 ι.
462 4051 486 4097 o.
496 4051 538 4096 61.
548 4053 646 4097 temere
687 4050 730 4098 De
745 4047 865 4097 Marathe
877 4059 904 4094 v.
920 4045 953 4094 sd
969 4059 988 4095 1.
1000 4048 1025 4096 t.
1042 4048 1083 4092 81.
1094 4042 1214 4094 Obss.et

118 4131 212 4174 eontra
222 4122 249 4172 id
267 4130 398 4187 pugnante
410 4121 558 4187 Ayrmanno
570 4124 593 4185 ς.
604 4128 646 4173 65.
686 4137 705 4173 ι.
718 4127 744 4171 8.

118 4198 194 4248 Hane
210 4197 321 4261 primurn
333 4199 475 4261 innuptam,
491 4187 559 4261 (151.
576 4211 596 4246 ι.
607 4197 645 4261 ³.)
717 4194 1066 4260 *Modestiasquidembaee
1076 4191 1214 4244 necmiuus

118 4274 290 4325 mexalterias
296 4274 439 4337 conjugem,
446 4273 512 4337 (na.
521 4279 600 4323 1.5.1.
607 4271 645 4338 6.)
686 4273 871 4330 tammonem,
883 4286 960 4335 quam
971 4271 1134 4333 Ayrmauuus
1145 4269 1213 4332 tots

120 4348 345 4399 amassaridetur:
359 4347 392 4398 es.
405 4349 482 4397 eund.
494 4350 517 4412 t.
527 4354 569 4399 oe.
580 4364 636 4414 sqq.
686 4351 731 4414 qui
754 4349 870 4398 ‘nullum
887 4346 995 4397 dubium
1015 4342 1084 4393 esse'
1106 4350 1214 4395 couten-

151 4432 162 4458 ·
178 4424 290 4489 Apoleg.
300 4437 321 4473 1.
338 4423 381 4473 ubi
397 4423 440 4473 alii
451 4423 594 4486 Plancism,
604 4424 646 4472 rel
686 4423 735 4486 dit,
751 4421 831 4486 ‘quin
842 4435 889 4484 per
904 4419 1045 4482 Sulpiciam
1055 4423 1083 4468 et
1094 4419 1215 4472 Neaersm

121 4500 249 4562 Plantam,
265 4500 307 4548 sel
323 4499 437 4548 Flauiam
457 4499 555 4562 legunt.
587 4499 647 4548 Pla·
688 4506 733 4549 aut
752 4498 851 4547 eedem
869 4497 921 4545 illa
941 4495 1029 4559 [Delia
1044 4504 1071 4546 et
1083 4497 1215 4559 Nemesis]

121 4576 189 4626 mam
201 4580 261 4639 post
271 4574 337 4625 slies
347 4571 648 4626 desceditlireukhusius
688 4580 734 4625 sut
744 4575 821 4641 plens
832 4586 849 4622 s
860 4571 951 4624 Nostri
968 4586 1055 4624 amere
1066 4573 1156 4626 aliaue
1168 4585 1216 4638 pu·
